1913 2640
503 269 588 304 ΕΤ
640 264 1241 302 ADNOTATIONES.
1504 279 1549 314 91

191 373 341 416 iudicans
362 375 408 403 tot
428 366 472 408 ἐξ·
487 373 553 398 tam
576 365 652 397 bene
677 364 802 396 meritos
822 374 862 395 ex
882 363 1019 406 indigna
1039 365 1142 406 cauffd
1163 366 1279 407 impetu
1299 364 1438 401 invidias
1459 366 1546 400 abri-

185 428 244 468 pi,
266 422 440 457 temeritati
462 416 677 463 multitudinis
701 413 901 454 constantiam
916 415 1008 454 suam
1027 415 1162 457 objecit,
1185 418 1379 460 maximoque
1394 420 1547 452 concionis

186 476 318 517 fragore
338 471 382 511 &²
404 467 622 508 incitatiffimis
648 467 741 498 minis
763 464 932 504 compulfits
954 476 1013 497 non
1035 466 1095 508 est,
1117 475 1153 499 ut
1168 468 1204 508 se
1215 469 1364 508 publicae
1377 469 1548 505 dementiae

190 526 342 559 auctorem
367 520 573 562 adscriberet.
618 518 713 563 Quae
732 515 862 558 oppofitu
890 516 956 557 ejus
976 517 1120 556 legitima*
1137 518 1277 559 graffizri
1297 521 1349 552 vid
1363 522 1547 566 prohibita,

191 573 307 617 injusto
330 573 518 605 praetorum
541 581 651 604 cruore
679 579 787 600 manus
811 568 887 608 suas
913 568 1126 599 contaminare
1140 569 1366 607 perseveravit.
1414 573 1485 606 [Vec
1508 577 1553 607 η’.

189 627 267 659 muit
288 625 451 663 Socrates,
473 635 512 656 ne
530 622 741 660 consternatae
764 620 900 652 Patriae
922 619 1101 651 undecimus
1115 617 1212 658 furor
1230 630 1310 652 mors
1330 623 1420 662 ipst'us
1443 626 1551 664 extste.

190 684 251 709 ret.
275 692 358 701 ·-—
387 674 478 716 Quae
499 674 675 715 postrema,
709 681 802 712 quam
823 671 885 702 levi
909 680 981 702 cum
1006 670 1082 702 cura
1100 668 1267 702 Historiam
1292 673 1476 706 leciitaverit
1497 684 1550 708 aut

193 729 248 761 sua
275 727 349 759 inde
378 725 519 765 exempla
544 724 747 765 depromserit
772 722 942 760 Valerius,
972 721 1134 753 manifesto
1162 722 1315 761 produnt.
1369 725 1485 757 Vorstii
1512 727 1551 757 ad

190 780 278 813 inum
301 779 406 811 locum
429 783 565 811 errorem
588 775 680 806 novis
701 773 861 805 erroribus
883 771 1058 803 cumulavit
1082 771 1271 806 TorreniuS.
1302 792 1386 800 -—-
1422 776 1550 809 Fafitum

192 831 360 872 sanequam
386 827 574 861 notiffimum
598 826 663 865 est,
702 833 768 856 tum
804 833 841 854 ex
871 823 952 854 loeis
984 831 1068 861 quos
1101 823 1193 863 supra
1213 825 1449 867 adscripsimus,
1481 836 1549 861 tum

185 874 370 925 prae-sertim
382 889 422 911 ex
435 879 583 910 XENoP
595 885 678 907 nom
691 883 757 906 ’rxs
775 874 948 906 Hellenicis
963 874 1039 905 Lib.
1058 874 1087 905 I.
1105 884 1179 915 pag.
1198 876 1271 908 262.
1291 877 1341 916 3⁶·
1366 878 1417 909 ed.
1436 879 1548 920 Steph-

187 942 293 975 quam¹
313 930 697 968 Hellenicorumrpartem
735 927 846 959 merito
879 926 962 958 inter
986 925 1126 969 Eclogas
1147 927 1223 967 fuas
1254 926 1427 965 Historicas
1451 938 1552 969 nuper

187 983 294 1016 retulit
320 982 376 1015 Cl.
405 981 579 1014 DANOEL
612 980 949 1012 VVYTTENBACH.
987 977 1109 1008 Merito
1128 976 1227 1008 -etiarn
1251 977 1327 1016 ille,
1364 979 1404 1011 de
1424 981 1550 1013 Socrate

187 1033 336 1076 Epistatd
362 1042 478 1075 agens,
502 1032 739 1071 animadvertit,
768 1031 815 1061 ita
836 1029 952 1070 diserte
977 1029 1132 1069 appellari
1153 1037 1172 1058 a
1195 1027 1394 1069 Xenophonte
1418 1032 1453 1063 in
1474 1032 1552 1064 Me-

187 1084 410 1122 morabilibus;
432 1084 526 1126 idque
547 1082 734 1119 tenendum,
757 1091 812 1112 nec
836 1091 916 1113 mero
942 1082 1074 1112 aliorum
1095 1078 1228 1110 locorum
1242 1078 1365 1119 silentio
1381 1082 1550 1123 repudian-

186 1134 277 1166 dum.
321 1134 475 1167 Adsentio
503 1133 619 1174 pariter
644 1131 817 1176 scribenti,
855 1133 881 1150 ‘⁶
904 1139 1006 1164 totum
1031 1131 1116 1162 hunc
1140 1128 1297 1162 Historiae
1325 1133 1434 1165 locum
1456 1133 1552 1166 vehe-

189 1208 219 1227 „
242 1193 364 1218 menter
387 1185 541 1216 adversari
566 1193 675 1216 eorum
705 1183 895 1221 sententiae,
918 1183 972 1221 qui
991 1181 1148 1214 Proedros
1164 1182 1342 1214 Concionis
1358 1183 1514 1216 Praefides
1531 1193 1551 1215 a

191 1260 219 1278 ,‚
242 1236 434 1274 Prytanibus
465 1236 602 1264 Senatus
623 1234 818 1264 Praefidibus
847 1232 987 1260 diversos
1008 1231 1068 1260 effe
1090 1233 1215 1263 volunt.
1225 1231 1246 1244 '³
1282 1233 1346 1263 Seu
1365 1233 1470 1264 dicere
1490 1238 1554 1266 ma-

187 1286 283 1320 limus
305 1282 406 1324 (quia
425 1281 480 1314 ista
506 1279 658 1312 sententia
679 1289 751 1311 vera
773 1278 833 1310 effe
855 1277 957 1318 potest
971 1300 983 1316 ‚
1010 1278 1102 1311 sakvis
1125 1281 1165 1312 iis
1197 1291 1276 1320 quae
1300 1291 1318 1312 a
1340 1281 1552 1322 Xenophonte

185 1336 303 1377 scripta
325 1332 574 1375 reperiuntur,)
596 1347 638 1355 —
660 1331 732 1370 seu,
756 1331 904 1371 inquam,
927 1328 1035 1369 potius
1051 1330 1215 1372 dicamus,
1236 1332 1325 1364 illum
1341 1334 1449 1365 locum
1461 1341 1553 1366 ever-

186 1395 255 1422 tere
276 1386 460 1418 sententiam
487 1390 595 1414 eorum
612 1403 623 1420 ‚
654 1382 709 1422 qui
729 1383 782 1423 jus
801 1381 952 1414 mittendi
978 1379 1132 1420 populum
1160 1381 1192 1413 in
1215 1381 1357 1424 suffragia
1383 1383 1503 1425 semper
1521 1384 1553 1416 δε

188 1447 347 1483 perpetuo
364 1435 455 1469 fuiffe
478 1433 652 1466 existimant
675 1435 758 1474 apud
781 1433 952 1474 Epistatam
971 1430 1002 1462 &
1016 1430 1088 1461 osto
1107 1431 1284 1475 Proedros,
1308 1437 1363 1476 qui
1384 1445 1422 1468 ex
1437 1443 1554 1468 novem

190 1490 359 1524 Tribubus
382 1487 562 1527 Prytaniam
592 1495 656 1522 non
680 1485 873 1517 obeuntibus
899 1485 938 1515 ad
960 1491 1054 1514 unam
1078 1482 1162 1515 illam
1193 1488 1380 1520 concionem
1405 1488 1554 1526 legeban-

191 1549 271 1581 tur,
301 1549 367 1572 non
390 1547 488 1578 penes
512 1536 684 1577 Epistatatn
711 1543 805 1574 atque
834 1544 947 1567 novem
970 1533 1129 1565 Proedros
1146 1557 1158 1573 ‚
1189 1538 1268 1577 qui,
1300 1548 1338 1571 ex
1361 1537 1551 1579 Prytanibus

193 1592 281 1625 ducii
295 1613 307 1630 ‚
330 1599 386 1632 per
407 1589 553 1628 septenos
581 1586 647 1617 dies
667 1585 796 1617 Senatui
813 1584 1067 1626 Quingentorum
1090 1596 1273 1629 praeerant,
1295 1587 1415 1629 ipfique
1427 1587 1554 1628 Populo

191 1644 225 1678 in
251 1641 438 1674 concionem
460 1644 637 1670 convocato
660 1635 886 1676 praefidebam.
930 1633 1010 1665 Rem
1024 1657 1036 1674 ,
1068 1644 1161 1674 quam
1184 1638 1248 1670 duo
1268 1639 1357 1678 Itali,
1387 1638 1426 1670 de
1442 1638 1552 1672 Rebus

190 1695 312 1728 Atticis
345 1691 468 1733 egregie
500 1688 692 1730 promeriti,
725 1687 970 1718 EDUARDUs
1001 1686 1226 1722 CORSINUs
1266 1691 1297 1723 &
1336 1690 1552 1722 CLEMENS

190 1746 395 1784 Bmcius,
426 1751 491 1775 non
514 1740 621 1773 multis
653 1739 767 1772 abhinc
789 1737 878 1768 annis
897 1736 989 1776 primi
1006 1737 1206 1780 docuerunt,
1231 1749 1266 1773 ut
1281 1747 1397 1774 certam
1415 1740 1446 1772 &
1460 1741 1553 1774 indu-

192 1797 320 1828 bitatam
331 1818 342 1835 ‚
365 1794 451 1826 haud
465 1793 587 1825 levibus
605 1798 707 1823 tamen
720 1787 956 1820 difficultatibus
971 1789 1140 1830 dubiisque
1154 1793 1336 1832 implicitam
1347 1816 1358 1833 ,
1381 1802 1440 1825 nos
1451 1816 1463 1833 ‚
1478 1803 1553 1834 pro.

189 1847 325 1879 habilem
349 1844 561 1885 conjecturam
576 1842 691 1880 secuti,
713 1841 808 1881 paulo
825 1839 1045 1872 dilucidiorem
1068 1842 1233 1875 reddidiss'e
1250 1843 1332 1876 forte
1345 1845 1549 1886 videbimur,

191 1895 214 1928 ss
240 1895 421 1934 opinionem
447 1894 604 1933 nostram,
635 1902 728 1932 quam
752 1890 923 1924 breviffime
949 1892 1139 1933 expositam,
1176 1905 1237 1934 eo,
1269 1904 1361 1934 quem
1393 1894 1550 1928 [4ᾶίοηί-

193 1948 249 1980 bus
271 1945 385 1979 nostris
417 1946 538 1978 Atticis
564 1942 838 1988 praescripsimus,
878 1942 996 1983 modo,
1029 1942 1207 1985 speciminis
1237 1945 1350 1986 instar,
1390 1947 1548 1980 hocloco

193 1997 428 2030 confirmemus.

941 2247 977 2279 M
1001 2259 1018 2279 2
1203 2268 1205 2271 -
1467 2249 1554 2284 Drs-
