1913 2640
453 286 1007 340 DnrsocirAssrn
1064 285 1276 332 cnvE.
1476 296 1531 342 35

204 409 369 459 rannide
398 409 524 461 potiti
547 407 675 458 sunt,-
699 406 812 447 mille
843 406 1092 459 quingentos
1112 405 1230 446 cives
1247 406 1296 446 ab
1317 405 1368 446 iis
1382 435 1397 456 ‚
1419 406 1528 448 indi-

202 496 273 539 ela.
286 493 414 542 caussa
426 524 442 544 ,
455 493 673 541 >damnatos
701 505 746 534 ac
764 491 943 534 carnifici
965 490 1016 531 ad
1036 500 1212 532 mortem
1236 492 1406 532 traditos
1426 490 1531 540 Iso-

204 595 410 629 CRATES
448 582 596 634 aliique
624 578 840 621 testentur.
903 579 1156 632 Quamquam
1185 585 1322 618 autern
1355 576 1399 617 id
1418 576 1531 628 quod

204 669 349 715 sentias
364 700 377 720 ,
387 669 547 716 etiamsi
569 669 773 721 optimum
790 666 838 708 sit
851 693 863 715 ,
881 674 1019 706 tamen
1039 676 1123 706 non
1144 664 1305 716 semper
1330 664 1368 705 &
1391 663 1531 706 ubivis

205 757 264 801 est
293 757 548 806 dicendum,
576 763 727 796 tantam
755 753 971 796 hominum
996 751 1530 802 «atrociffimorumtarnque

206 852 423 885 cruentam
438 842 733 885 immanitatem
752 840 897 881 tacitus
917 837 1024 878 ferre
1047 850 1131 878 non
1151 838 1290 890 potuit
1309 839 1373 878 vir
1394 838 1534 878 huma-

204 930 342 971 nitatis
370 928 480 970 haud
512 929 645 970 minus
677 938 802 978 quam
827 925 1003 977 justitiae
1039 936 1199 974 amans,
1230 936 1308 964 nec
1337 923 1411 964 sibi
1434 932 1535 964 tem-

205 1021 372 1069 perare,
403 1016 505 1068 quin
539 1014 755 1068 aliquando
790 1013 902 1054 hisc‘e
932 1013 974 1053 in
995 1019 1068 1053 eos
1088 1011 1228 1052 verbis'
1253 1009 1535 1051 inveheretur.

207 1132 239 1153 „
271 1102 624 1151 Vixiidies‘abit,
664 1102 764 1153 quin
792 1101 1005 1142 videamus
1038 1097 1224 1151 Triginta
1254 1096 1379 1138 hosce
1408 1096 1533 1148 Reipa

203 1217 237 1238 „
266 1189 451 1229 nostrae
463 1189 758 1230 moderatores
791 1188 841 1226 ad
875 1198 1026 1226 necem
1052 1186 1216 1225 mittere
1245 1184 1534 1235 quamplures,

207 1303 238 1326 ‚,
269 1274 420 1326 eosque
457 1285 543 1313 non
573 1273 623 1313 de
656 1272 828 1323 peffimis
851 1273 1039 1321 civibus,
1070 1271 1209 1323 plures
1234 1270 1357 1310 etiam
1381 1266 1537 1320 injusti-

207 1389 241 1412 „
271 1361 351 1400 tiae
387 1356 487 1397 mae
508 1356 663 1397 facere
680 1357 839 1398 socios.
872 1358 1049 1397 Mirarer
1069 1386 1082 1406 ,
1123 1356 1153 1396 fi
1186 1356 1277 1408 quis
1313 1355 1440 1395 boum
1468 1366 1538 1406 pa·

206 1472 236 1497 „
264 1446 371 1495 stor,
399 1453 593 1485 armenta
624 1444 691 1485 sua
722 1442 909 1495 quotidie
944 1445 1135 1483 minuens
1166 1442 1204 1482 ὅτ
1245 1441 1451 1483 deteriora
1479 1439 1540 1482 fa·-

209 1559 242 1583 „
270 1531 417 1578 ciens,
446 1542 532 1567 non
564 1532 612 1568 ab
632 1530 822 1568 omnibus
853 1529 1102 1579 judicaretur
1125 1529 1253 1568 maius
1277 1526 1358 1568 effe
1381 1538 1540 1568 armen-

212 1645 244 1668 „
273 1615 421 1657 tarius:
481 1614 618 1655 Miror
645 1624 781 1659 autem
814 1617 964 1668 magis,
1007 1616 1038 1656 si
1063 1616 1155 1667 quis
1194 1614 1355 1655 civitati
1378 1612 1540 1664 praefe-

209 1727 241 1752 ‚,
272 1700 382 1750 etus,
411 1698 511 1739 dum
545 1697 732 1750 quotidie
759 1698 873 1737 cives
914 1695 966 1736 de
987 1694 1126 1736 medio
1150 1696 1262 1736 tollit
1281 1704 1351 1737 aut
1371 1696 1540 1748 peJ'ores

215 1817 246 1840 ‚,
276 1787 439 1837 reddit,
469 1797 554 1826 non
583 1784 819 1835 erubescat,
859 1794 995 1835 neque
1033 1782 1267 1834 existimet,
1297 1784 1337 1823 se
1369 1795 1540 1836 pravum

217 1904 249 1925 „
281 1872 360 1914 esse
390 1873 430 1912 &
468 1873 698 1924 improbum
733 1873 856 1923 Reip.
895 1872 1221 1923 gubernatorem.
1239 1869 1263 1885 ”
1303 1869 1403 1912 Erat
1434 1871 1540 1910 inter

218 1959 314 2001 istos
334 1960 517 2012 Triginta
538 1968 622 1999 tum
653 1958 888 2003 auftoritate
901 1988 913 2008 ‚
944 1966 1030 1998 tum
1050 1957 1181 1998 feroci
1202 1956 1366 1998 audacizi
1387 1987 1399 2006 ‚
1429 1957 1541 2009 prin-

219 2057 319 2099 ceps
340 2046 514 2096 Critias,
550 2045 787 2098 disciplinae
825 2044 1028 2098 quondam
1057 2046 1286 2087 Socraticae
1330 2045 1539 2093 alumnus,

210 2134 313 2182 sed,
343 2133 507 2184 quando
528 2135 575 2174 ab
595 2132 662 2172 ina
684 2132 762 2184 jam
800 2132 1049 2183 desciverat,
1081 2131 1162 2185 (ut
1189 2132 1426 2184 improbitas
1448 2140 1542 2170 cum

218 2220 377 2275 ingrato
407 2221 542 2261 animo
574 2220 790 2271 conjunc-ta
817 2219 949 2260 virum
979 2220 1158 2269 bonum,
1189 2232 1274 2261 non
1292 2218 1366 2260 nisi
1385 2215 1541 2258 benefi-

883 2305 918 2346 E
952 2318 974 2346 2
1464 2302 1540 2344 ciis
