1913 2640
392 287 454 334 44
655 272 703 311 ,“’·“
739 272 795 319 0.
830 269 947 322 'SRss
985 269 1055 322 A'
1110 269 1179 321 T?
1219 270 1292 322 '1ss
1334 269 1385 325 οἱ,

395 406 453 438 tas
467 427 481 448 ,
514 398 774 450 incorruptus
795 399 882 439 veri
905 399 943 439 &
965 399 1123 451 pulchri
1143 398 1305 451 sensus,
1345 398 1540 442 indefess'a
1560 390 1710 445 laboris

397 484 611 525 tolerantia
626 514 639 534 ,
683 484 859 536 denique
884 483 904 536 <
918 498 994 536 qua
1015 496 1128 537 parte
1163 486 1317 526 Socrati
1344 486 1566 528 simillimus
1589 490 1713 544 erat)

395 571 438 610 in
471 570 738 610 conciliandis
769 570 840 609 fibi
877 570 1076 620 Juvenum
1107 582 1207 610 vere
1231 572 1430 611 nobilium
1452 574 1593 612 animis
1616 572 1713 617 mira

397 654 643 704 dexteritas,
675 656 716 694 in
752 654 976 694 excitandis
1009 655 1058 695 ad
1087 668 1252 696 omnem
1273 636 1432 698 laudem
1455 657 1494 698 &
1518 657 1714 709 praestan—

395 740 490 780 tiam
527 740 780 780 incredibilis
810 734 1004 792 quaedam
1031 743 1094 781 vis
1126 743 1164 783 &
1195 742 1385 783 felicitas.
1443 743 1557 793 Vos,
1600 753 1718 796 quot·

395 835 496 877 quot
527 825 594 866 hic
625 826 791 876 adestis,
822 826 999 868 Batavae
1025 827 1195 869 Palladis
1226 829 1404 878 alumni,
1435 850 1476 859 -
1505 841 1580 869 vos
1603 841 1717 881 prae-

394 911 555 962 sertim,
587 913 655 963 qui
692 915 952 965 praeceptori
981 914 1102 954 amici
1133 914 1258 966 magis
1291 913 1422 953 fuistis
1458 925 1578 965 quam
1598 912 1715 953 disci-

395 999 509 1050 puli,
538 1019 581 1028 —
607 1010 709 1049 vos,
742 1009 1058 1038 AUDITORES
1089 999 1263 1050 reliqui,
1292 1021 1334 1028 -
1364 1010 1468 1048 vos,
1500 1009 1601 1048 quos
1624 1007 1717 1039 ante

397 1084 498 1124 alios
539 1094 683 1122 omnes
723 1085 928 1137 appellare
974 1084 1228 1133 debueram,
1267 1094 1551 1125 COLLEG‘AE
1592 1095 1719 1124 corr·

395 1180 771 1219 JchTissrwu,
799 1192 843 1200 —
878 1181 955 1209 vos
980 1181 1123 1208 omnes
1151 1171 1199 1209 ad
1224 1169 1502 1209 testimonium
1524 1160 1647 1210 voco.
1678 1190 1721 1201 -

395 1252 542 1295 Dicite
558 1282 570 1301 ,
605 1253 733 1291 dicite
748 1282 760 1300 ,
792 1265 910 1302 quam
928 1251 1065 1290 similis
1086 1263 1220 1292 amore
1244 1253 1285 1292 in
1306 1253 1421 1292 cives
1450 1252 1563 1296 suos,
1594 1255 1720 1293 bene·-

397 1337 584 1380 volentia
617 1337 656 1376 &
695 1336 836 1376 officiis
859 1348 950 1389 erga
984 1337 1160 1385 amicos,
1191 1335 1332 1375 ardore
1357 1335 1399 1375 in
1423 1334 1550 1374 studia
1568 1336 1724 1388 sapien-

397 1425 502 1473 tiae,
544 1433 795 1473 omnemque
828 1421 1049 1462 doctrinam
1082 1420 1325 1462 fructuosam
1357 1421 1395 1460 &
1429 1420 1599 1470 utilem,
1629 1431 1715 1462 arte

395 1510 433 1551 &
451 1510 636 1550 bonitate
657 1510 699 1549 in
713 1507 936 1549 formandis
955 1507 1241 1561 generosorum
1262 1507 1460 1557 Juvenum
1482 1507 1647 1554 animis,
1671 1529 1720 1536 --

396 1609 516 1648 quam
555 1596 691 1636 similis
726 1587 903 1645 denique
947 1592 1249 1645 propemodum
1280 1603 1354 1643 per
1385 1591 1537 1644 singula
1566 1591 1721 1631 Socrati

393 1682 525 1723 fuerit
582 1690 973 1721 NinnhANDms
998 1709 1010 1728 ,
1070 1678 1273 1729 quondam
1294 1708 1306 1726 ‚
1361 1676 1500 1716 eheu!
1550 1676 1684 1717 vester
1704 1706 1718 1727 ,

392 1767 674 1809 Nietilanditis
715 1765 918 1817 quondam
964 1764 1111 1819 (quod
1149 1775 1232 1803 non
1276 1762 1358 1802 fine
1397 1761 1552 1802 summo
1579 1761 1718 1811 luctu,

393 1853 464 1893 sed
497 1851 637 1902 aliqua
678 1853 799 1892 etiam
836 1865 929 1892 cum
967 1860 1129 1890 mutuae
1164 1849 1363 1886 amicitiae
1409 1847 1617 1896 superbia,
1662 1846 1721 1885 di-

394 1930 551 1991 fco)'-—'
589 1932 898 1982 Nieulandius,
939 1933 1076 1972 eheu!
1118 1941 1247 1969 meus».
1310 1928 1420 1969 Nam
1465 1930 1515 1969 de
1547 1914 1718 1972 pua-Ro

393 2032 762 2064 ,NissuLANmo
804 2030 868 2057 me
906 2019 1044 2069 loqui,
1088 2016 1240 2056 dudum
1272 2015 1530 2068 intelligitis,
1573 2028 1720 2056 Auor-

398 2120 580 2150 TORES.
640 2106 859 2154 Memini,·
889 2103 988 2157 quid
1023 2102 1074 2143 de
1117 2102 1280 2143 Virtute
1311 2103 1431 2143 Civili
1458 2101 1626 2141 senserit
1655 2103 1718 2142 vir

398 2195 576 2246 optimus
589 2202 606 2242 ·,·
643 2193 835 2242 memini,
875 2190 974 2244 quid
1017 2201 1179 2232 mecum
1210 2188 1366 2241 saepius
1400 2188 1576 2228 locutus.
1636 2187 1716 2227 Sed

1564 2307 1570 2314 .
1635 2271 1708 2311 ista
