1913 2640
466 295 572 344 Dss
627 295 1008 341 socuA-'rss
1064 300 1278 344 crvn.
1479 315 1531 358 27

263 418 475 464 Nimirum
491 447 504 471 ‚
534 420 604 482 qui
633 430 727 461 cum
747 420 906 473 populo
935 409 1292 462 insanire'recuset
1311 451 1325 471 ‚
1353 421 1418 463 vir
1437 435 1533 476 pru·

207 509 311 550 dens
340 507 380 548 δε
403 508 560 561 gravis,
590 501 810 560 propterea
836 493 970 561 neque
994 507 1080 560 ipse
1106 507 1213 548 furat
1234 508 1426 559 vicissim,
1456 522 1535 551 nec

205 596 406 650 populum
439 595 588 636 oderit.
646 594 851 647 Exemplo
880 596 1028 635 iterum
1059 595 1352 636 sst‘Socrates:
1385 595 1530 637 Nemo

210 683 374 723 caritate
402 681 556 723 Patriae
586 682 710 734 magis
733 689 991 733 commotuS,
1020 694 1146 723 nemo
1167 683 1281 723 cives
1301 682 1441 735 majori
1462 684 1533 724 be-

210 768 451 810 nevolentia
480 769 750 820 complexus,
781 752 1011 819 nemosolo
1034 769 1168 820 patrio
1190 770 1283 821 plus
1310 769 1532 811 delectatus

207 853 292 904 est,
321 855 379 895 ita
407 863 453 895 ut
477 844 594 895 extra
620 855 832 905 Athenas,
871 856 900 895 s1
930 854 1118 895 militiam
1148 859 1391 908 exceperis,
1431 857 1543 897 nunss

210 950 329 992 quam
342 942 636 995 'peregrinatus
663 942 746 993 fit,
767 940 974 983 nullamve
1001 942 1119 983 aliam
1147 942 1357 995 regionem
1381 951 1449 983 aut
1478 944 1535 983 ci-

206 1027 381 1069 'vitatem
410 1016 617 1080 invisere,v
658 1041 711 1070 ne
747 1029 852 1070 sacra
885 1016 1052 1081 quidem
1085 1029 1309 1080 solemnia,
1351 1030 1402 1071 ad
1433 1041 1534 1083 quae

209 1115 299 1156 tota
321 1116 502 1168 undique
528 1117 703 1158 Graecia
725 1117 934 1158 confluere
955 1117 1113 1157 solebat
1128 1147 1141 1167 ,
1172 1116 1351 1169 spectare
1367 1117 1538 1169 cupive-

210 1196 262 1238 'tit
275 1225 289 1246 ‚
311 1194 392 1234 nili
417 1194 536 1249 quod
552 1193 678 1233 semel
702 1191 1007 1233 ludis-adfuerit
1027 1193 1242 1235 Isthmicis.
1303 1196 1427 1238 Viros
1450 1200 1537 1240 aliis

209 1282 252 1324 in
284 1282 404 1323 terris
437 1280 645 1333 principes
674 1278 914 1331 divitiisque
939 1280 1010 1320 vel
1030 1280 1218 1332 potentia
1236 1283 1398 1324 nobiles
1412 1315 1424 1334 ‚
1455 1298 1539 1328 non

212 1369 296 1412 sme
318 1370 455 1420 aliquo
476 1369 534 1408 rei
545 1368 728 1420 privatae
744 1366 930 1419 respectu
943 1397 955 1416 ‚
967 1366 1091 1407 isthac
1102 1372 1233 1409 aetate
1246 1369 1355 1410 adire
1367 1370 1539 1412 consue·

213 1444 383 1507 verant,
408 1457 478 1508 qui
490 1455 628 1496 studiis
641 1455 940 1508 sapientiae-aut
951 1454 1156 1494 literarum
1175 1457 1458 1498 excellebant:
1492 1459 1537 1499 Id

216 1540 407 1582 fecerunt
427 1554 512 1578 non
522 1542 630 1577 solus
645 1541 873 1589 Aristippus
887 1569 899 1588 ,
913 1527 1137 1589 voluptatis
1151 1539 1292 1581 affecla
1306 1572 1318 1591 ‚
1332 1542 1402 1582 sed
1417 1545 1537 1584 amici

216 1626 392 1668 Socratis
407 1625 444 1666 &
455 1615 670 1665 familiares
685 1653 699 1673 ‚
724 1623 944 1676 Euripides
965 1635 1009 1665 ac
1021 1624 1135 1666 Plato
1150 1639 1160 1666 ε
1185 1626 1276 1678 Ipse
1291 1636 1427 1669 autem
1438 1630 1539 1672 Sco·

215 1724 307 1767 pam
321 1711 682 1763 Eurylochumque
695 1741 708 1762 ,
720 1711 910 1751 homines
925 1710 1133 1753 ditiffimos
1147 1743 1159 1763 ‚
1180 1714 1249 1765 qui
1263 1715 1382 1756 lautis
1397 1717 1540 1758 condi·

217 1800 398 1841 tionibus
410 1810 502 1839 eum
515 1798 756 1848 invitabant,
768 1798 998 1850 aspernatus
1011 1797 1088 1839 est:
1110 1798 1179 1850 Et,
1192 1802 1538 1852 quemadmodum

217 1887 281 1927 vir
293 1887 333 1925 in
344 1886 528 1937 pluribus
545 1885 699 1925 Socrati
712 1885 850 1926 fimilis
864 1915 877 1935 ,
901 1886 1141 1927 Medicinae
1154 1887 1300 1928 Parens
1310 1889 1540 1942 Hippocra—

220 1979 282 2013 tes
295 2003 307 2023 ‚
319 1971 459 2025 postea
471 1970 519 2012 ad
530 1973 794 2012 Artaxerxem
807 2003 819 2023 ‚
830 1972 1035 2014 Persarum
1046 1974 1205 2027 Regem
1220 2006 1233 2026 ,
1254 1976 1403 2017 iturum
1417 1976 1456 2017 se
1467 1989 1539 2018 ne-

221 2061 356 2113 gavit,
377 2059 430 2099 fic
452 2060 548 2100 &ab
566 2059 793 2106 Archelao,
808 2059 1088 2102 Macedonum
1101 2063 1216 2115 Rege
1229 2092 1241 2112 ,
1267 2064 1461 2104 invitatus
1481 2066 1539 2104 ire

218 2148 351 2187 noluit
375 2146 425 2188 ad
447 2148 718 2187 voluntariam
741 2147 980 2188 servitutem
1004 2150 1063 2199 is,
1091 2151 1230 2201 cujus,
1255 2159 1300 2190 ut
1318 2151 1466 2191 alicubi
1489 2152 1543 2192 ait

222 2234 246 2274 S
259 2246 282 2274 ε
295 2245 361 2274 NE
374 2247 395 2274 c
410 2247 458 2285 A,
491 2235 721 2276 libertatem
747 2235 890 2277 civitas
912 2236 1043 2276 libera
1058 2234 1179 2289 ferre
1205 2249 1282 2277 non
1294 2239 1446 2291 potuit.

926 2323 967 2364 D
999 2335 1021 2362 2
1451 2322 1542 2365 Nc-
