1913 2640
411 277 468 320 :³0
718 253 789 300 w0
875 251 1474 304 R‘1=A·1r*i³³·o”=fft

969 379 1029 389 .....

413 461 688 510 documentis.
746 460 958 509 Paululum
982 467 1050 508 hic
1071 468 1115 508 in
1133 458 1425 510 considerando
1445 460 1625 511 S'ocra'te*
1643 470 1738 514 Cisae‘e'

412 555 675 597 subsistamus.
1241 544 1245 547 ’
1526 544 1528 548 ’
1620 547 1621 550 ’

454 641 717 692 Praeclare,
757 640 898 693 judice
937 640 1256 691 CiCERoN'ss'g
1299 641 1403 682 hanc
1433 633 1540 684 viam
1574 643 1632 683 ad
1655 642 1737 695 glo-⁶

415 729 525 771 riam
539 719 805 785 proximam,
824 719 883 770 ¹&
905 718 1016 783 quasi
1046 728 1411 781 compendiariam,
1449 729 1641 771 Socrates
1669 728 1739 784 effe

415 817 594 868 dicebat,
618 817 657 870 fi
675 817 767 871 quis
789 817 835 858 id
852 824 994 868 ageret
1008 839 1036 867 ,>
1054 818 1134 866 ut}
1155 806 1289 870 qualis
1308 804 1449 857 habebi
1466 805 1607 867 vellet,
1638 804 1772 857 telin-

418 904 554 958 efflet:¹
596 903 720 945 Hunc
751 913 909 948 autem,
951 905 1020 955 qui
1052 903 1134 944 fine
1165 903 1743 944 inaniostentatione'veram

413 992 467 1033 fic
501 992 669 1045 gloriam
701 991 946 1031 consecutus
978 991 1060 1041 est,
1104 991 1212 1031 haud
1243 980 1422 1031 dedecet
1441 1022 1454 1041 ‚
1501 990 1667 1042 qualem
1700 987 1743 1028 se

414 1078 576 1132 semper
616 1078 890 1132 praestiterit,
942 1087 1082 1131 aperte
1131 1077 1337 1130 profiteri.:
1401 1078 1528 1131 Igitur
1567 1078 1610 1117 in
1647 1074 1745 1126 illa,

415 1177 535 1218 quam
570 1179 645 1220 pro
677 1170 948 1219 praeceptore
981 1158 1136 1210 scripsit
1166 1159 1376 1208 PLA'To,
1407 1153 1632 1216 Apologia,
1666 1163 1743 1209 fis,-

416 1260 518 1304 quae
538 1256 632 1289 ante
655 1247 895 1297 retulimus,
925 1247 1064 1286 verbis
1086 1243 1255 1285 cauffam
1276 1244 1476 1295 reddens,
1501 1255 1579 1285 'cur
1596 1259 1617 1286 a
1637 1247 1743 1298 Rep.

416 1336 597 1392 prudens
629 1334 890 1385 abstinuerit,
931 1334 1074 1373 mortis
1103 1341 1240 1372 tamen
1274 1341 1390 1372 metu
1420 1331 1463 1372 se
1496 1331 1539 1372 id
1572 1333 1742 1373 minime

416 1423 559 1466 fecisse
593 1423 780 1465 Socrates
815 1420 1023 1472 adfirmat,
1076 1432 1169 1461 eum
1203 1420 1286 1460 fine
1320 1420 1402 1460 ulla
1432 1420 1617 1472 capitalis
1652 1419 1745 1471 sup-

417 1507 535 1564 plicii
563 1504 784 1548 formidine
808 1503 1038 1545 constanter
1070 1507 1263 1546 restiterit
1283 1498 1509 1546 uiolentiae
1531 1506 1570 1543 δι
1592 1502 1746 1554 injusti-

418 1598 524 1646 tiae,
564 1595 604 1635 &
634 1605 728 1634 cum
757 1592 936 1645 populus
967 1591 1204 1641 Tyrannum
1239 1597 1401 1642 ageret,
1435 1589 1473 1629 &
1500 1601 1594 1629 cum
1625 1591 1745 1642 pauci

418 1682 642 1725 crudeliter
674 1681 994 1722 dominarentur.
1053 1676 1128 1718 Ista
1159 1676 1314 1728 quippe
1337 1676 1421 1716 civi
1443 1677 1554 1717 bono
1578 1689 1622 1716 ac
1644 1676 1744 1717 forti

421 1771 480 1813 est
508 1770 660 1811 mentis
694 1766 918 1808 constantia
955 1774 1079 1817 atque
1118 1763 1411 1816 aequabilitas,
1462 1772 1510 1803 ut
1544 1763 1745 1815 Tyrannis

418 1859 458 1900 ei
486 1857 644 1909 semper
671 1855 721 1896 sit
751 1854 847 1895 odio
863 1884 877 1905 ‚
909 1852 980 1893 seu
1015 1853 1085 1892 sub
1116 1852 1251 1905 Regni
1285 1849 1452 1890 nomine
1474 1848 1544 1889 seu
1569 1849 1640 1890 sub
1660 1862 1735 1902 po-

422 1945 552 1999 pulari
581 1944 718 1997 specie
747 1944 897 1994 Remp.
921 1941 1138 1993 opprimat.
1167 1958 1242 1969 --·
1271 1935 1545 1986 Meministis,
1577 1936 1747 1977 Auni-

424 2043 619 2082 TORssS,
661 2031 790 2083 qualis
821 2028 921 2070 effet
950 2029 1070 2069 Bello
1099 2024 1447 2078 Peloponnefiaeo
1477 2034 1610 2063 rerum
1637 2023 1746 2063 Atti-

426 2132 560 2162 carum
588 2117 744 2168 facies,
789 2128 907 2169 quam
941 2116 1074 2158 insana
1104 2113 1251 2166 Populi
1288 2109 1550 2152 Atheniensis
1579 2109 1744 2151 libertas

427 2208 558 2250 dicam
586 2218 636 2249 an
659 2206 848 2248 amentia.
908 2201 1106 2245 Illustrem
1129 2215 1148 2243 a
1176 2197 1515 2244 Lacedaemoniis
1536 2195 1747 2238 victoriam

1678 2296 1745 2325 na·
