1913 2640
350 250 411 288 ÷66
679 249 1414 287 enon-A‘TtoNEs

373 346 419 381 ad
434 355 482 379 res
503 347 632 388 quisque
650 351 816 389 privatas,
852 355 948 387 aequo
966 346 1044 389 jure
1066 353 1225 379 utuntur:
1265 349 1365 394 Quod
1381 350 1426 383 ad
1441 349 1606 390 stationem
1625 359 1730 386 auten:
1770 370 1775 371 ν

371 400 619 442 dignitatemque
632 399 811 441 pxthl1‘cam,
839 400 948 438 prouti
968 398 1085 441 singuli
1110 401 1144 430 in
1167 410 1200 431 re
1225 401 1336 442 aliqua*
1351 401 1430 441 sunt
1452 403 1573 434 eximii.
1603 404 1727 444 Quibus

374 450 479 481 verbis
505 449 736 488 Thucydidcus
758 449 891 481 Pericles
913 451 1147 482 Democratiam
1172 451 1393 485 Atheniensem
1417 452 1616 495 Olt'garcbiae
1632 455 1729 486 mani-

376 499 456 531 festo
475 500 630 539 opponit,
647 499 957 538 nonAristocratiae.
974 501 1017 532 Et
1030 512 1105 533 vero
1117 503 1178 534 hoc
1191 503 1373 542 discrimen,
1397 511 1495 535 aetate
1513 505 1636 543 quidem
1649 506 1731 537 Peri-

375 550 433 582 clis
455 560 490 582 ac
504 549 705 589 Thucydidis
719 573 728 589 ,
745 559 899 590 perpetuo
920 551 1123 583 observarunt
1140 553 1315 592 Scriptores
1329 554 1449 585 Attici:
1472 554 1580 593 Atque
1598 555 1732 587 saluber-

375 602 486 634 rimum
505 602 581 633 illud
598 602 691 641 Reip.
713 602 791 632 bene
811 600 995 633 constitutae
1012 609 1283 643 temperamentum
1303 603 1346 635 est
1358 628 1369 645 ,
1391 614 1450 645 pro
1466 605 1555 645 cujus
1572 607 1731 645 perpetui-

377 660 441 684 tate
463 660 537 685 vota
557 652 679 691 suscipit
697 651 817 683 Patriae
840 652 1060 685 amantiffimus
1082 653 1368 688 Aescnnus:
1397 655 1434 687 In
1455 665 1493 687 eo
1515 651 1630 695 quippe
1654 655 1732 687 Dra»

372 710 474 741 mate,
508 704 562 734 ubi
589 703 760 743 perfeetum
790 702 888 743 Regis
914 713 985 735 cum
1007 704 1130 746 Populo
1159 704 1215 737 suo
1238 707 1365 739 consilia
1389 706 1441 739 sua
1469 707 1730 740 communicantis

372 755 527 795 exemplar
555 754 701 794 exhibet,
725 754 780 786 sub
806 753 984 787 Danaidum
1005 755 1155 796 persona,
1179 757 1262 789 inter
1283 759 1342 790 alia
1356 758 1501 799 egregia,
1524 758 1585 790 hoc
1604 768 1731 798 quoque

375 812 483 846 optat,
508 805 647 846 (Suppl.
668 816 704 837 v.
721 805 818 845 706.)
849 806 874 823 “
898 813 933 837 ut
953 807 1069 846 vulgus
1088 806 1203 839 civium
1222 809 1276 841 fibi
1300 817 1423 843 caveret
1439 819 1455 841 a
1471 811 1730 850 contemnendis,

375 880 403 897 „
427 857 481 896 qui
498 860 530 888 in
545 857 672 889 civitate
683 863 791 896 erant,
811 858 1066 898 Magistratibu53
1087 865 1185 898 utque
1200 858 1318 899 semper
1328 861 1370 900 ii,
1388 862 1442 901 qui
1458 861 1672 901 principatum,
1685 868 1731 893 te-

378 931 404 948 „
427 915 538 941 nerent
553 908 585 940 in
603 909 781 949 Republica
792 932 803 949 ,
827 910 953 942 confilia
967 910 1019 941 sua
1034 910 1166 950 provide
1181 920 1253 942 cum
1268 911 1391 953 Populo
1409 913 1693 945 communicarent.
1705 911 1726 926 '⁹

700 1011 834 1041 Θνλοὲω-οι
858 1012 884 1041 τ’
911 1012 1023 1050 ἆτιμιόις
1045 1012 1127 1048 τιμὰς

695 1062 730 1091 Τὶ
753 1061 838 1096 δήμιον
854 1074 862 1083 ·
886 1065 931 1095 τὶν
952 1064 1042 1094 πτὸλιι
1065 1060 1190 1101 κῢιττῖιοι

695 1116 848 1153 Πςομοιθεῦς
871 1115 1037 1153 εὖκοιιᾶμηἾις
1061 1114 1150 1155 ἆςχοές

369 1230 454 1241 -—
476 1214 678 1251 Talibusque
704 1220 763 1250 ego
788 1210 868 1249 J'uris
895 1208 926 1238 ὅτ
955 1210 1047 1247 aequi
1074 1209 1107 1239 in
1132 1207 1291 1246 diligenda
1318 1209 1513 1249 coiendaque
1538 1211 1624 1250 Rep.
1646 1212 1733 1250 prin-

369 1265 460 1304 cipiis
485 1262 678 1300 innutritus,
702 1270 783 1300 quae
809 1270 847 1292 ex
870 1259 1086 1300 Scriptoribus
1113 1257 1246 1290 Graecis
1265 1257 1475 1299 Latinisque,
1497 1260 1627 1293 varo
1643 1270 1732 1300 prae-

368 1316 471 1348 sertim
499 1313 528 1344 δε
550 1312 786 1344 CICERONE
804 1321 893 1349 meo,
918 1309 1101 1348 hauseram,
1123 1317 1159 1339 ac
1174 1308 1307 1340 lectione
1325 1311 1473 1350 deinceps
1489 1319 1597 1343 eorum
1617 1312 1732 1350 etiam,

371 1366 426 1406 qui
445 1363 608 1405 praecipui
633 1361 805 1393 Libertatis
832 1360 946 1393 Civilis
965 1359 1143 1391 defensores
1162 1357 1192 1389 &
1211 1358 1283 1391 sunt
1304 1361 1335 1393 &
1360 1362 1534 1400 habentur,
1567 1362 1731 1394 Locmr

372 1417 642 1455 SIDNEJIque,
676 1413 878 1446 confirmatus
896 1435 906 1451 ‚
937 1412 975 1443 ab
998 1411 1070 1451 ipfis
1097 1411 1234 1443 muneris
1265 1412 1326 1443 mei
1355 1414 1387 1445 in
1417 1413 1588 1445 Academia
1613 1412 1731 1447 Batava

369 1467 514 1507 auspiciis
532 1466 659 1506 publice
677 1466 817 1497 dicebam
828 1475 840 1496 t
863 1465 888 1481 “
903 1463 1032 1502 Optima
1047 1462 1142 1502 Reip.
1157 1462 1390 1496 constituendae
1404 1464 1506 1497 forma
1518 1474 1559 1495 ea
1573 1463 1616 1495 est
1627 1487 1638 1502 ,
1650 1472 1729 1502 quae

369 1540 397 1559 „
418 1517 590 1558 prudenter
616 1526 653 1548 ex
674 1516 777 1548 Plebis
805 1523 898 1555 atque
917 1514 1125 1554 optimatium
1143 1514 1275 1554 imperio
1296 1515 1339 1546 ita
1356 1516 1391 1547 fit
1406 1521 1598 1555 temperata,
1622 1520 1657 1545 ut
1675 1523 1729 1545 ne-

369 1593 396 1612 „
420 1579 480 1610 que
504 1569 647 1608 Populus
671 1568 709 1598 de
736 1568 856 1599 summa
877 1565 972 1605 Reip.
998 1574 1137 1605 unquam
1162 1567 1372 1606 pronunciet,
1403 1568 1454 1600 vel
1476 1568 1508 1599 in
1527 1566 1656 1606 judiciis
1675 1565 1731 1599 do—

372 1646 399 1663 „
421 1622 578 1658 minetur,
602 1628 704 1658 neque
730 1619 931 1658 optimates,
956 1616 993 1647 ab
1017 1617 1103 1648 omni
1129 1618 1245 1649 civium
1266 1617 1392 1650 suorum
1413 1617 1541 1650 arbitrio
1567 1617 1599 1648 in
1624 1626 1732 1648 crean-

369 1695 397 1713 ,‚
421 1673 469 1703 dis
492 1670 731 1711 Magistratibus
757 1669 866 1707 liberi,
898 1667 1046 1699 Civitatis
1067 1667 1096 1698 se
1120 1669 1218 1708 magis
1248 1669 1393 1700 dominos
1417 1678 1510 1708 quam
1532 1669 1666 1701 rectores
1683 1677 1731 1699 ar-

371 1746 397 1763 „
419 1724 588 1755 bitrentur.
634 1722 802 1754 Moderata
830 1720 987 1760 ejusmodi
1012 1719 1034 1751 fi
1061 1720 1214 1759 probetur
1233 1721 1266 1752 in
1284 1720 1450 1760 Regimiue
1469 1720 1615 1759 mistura,
1638 1726 1733 1759 opta-

369 1797 395 1814 „
418 1774 528 1806 tissima
553 1774 640 1805 simul
665 1772 763 1804 aderit
787 1773 984 1812 aequalitas,
1015 1781 1078 1802 non
1100 1770 1154 1802 ista
1171 1779 1250 1809 quae
1269 1780 1306 1802 ex
1328 1771 1464 1810 plurium
1491 1779 1570 1804 voto
1588 1771 1729 1803 omnibus

370 1847 397 1864 „
421 1824 522 1864 idem,
546 1825 598 1856 sed
625 1835 660 1856 ea
684 1833 763 1864 quae
780 1824 872 1864 fisum
886 1823 1021 1865 stngulis
1040 1824 1178 1861 tribuat,
1200 1832 1259 1863 pro
1280 1822 1430 1862 dignitate
1448 1830 1606 1862 quemque
1628 1820 1732 1851 hono-

370 1898 398 1916 „
420 1883 468 1907 ret
486 1898 497 1914 ‚
527 1885 562 1907 ac
585 1875 685 1906 malos
709 1874 816 1911 civeS,
845 1875 1039 1905 turbidarum
1064 1874 1240 1913 praesertim
1267 1883 1371 1905 rerum
1398 1874 1565 1912 auctores,
1599 1871 1630 1903 δε
1652 1870 1731 1903 sedi·

369 1950 396 1967 „
418 1927 515 1959 tionis
536 1927 633 1959 duces
647 1951 658 1965 ,
683 1926 795 1967 poenis
817 1924 943 1964 castiget
963 1925 1203 1957 meritiffimis.”
1225 1941 1307 1949 ——
1339 1925 1543 1965 Tantumque
1562 1930 1638 1954 tunc
1658 1922 1730 1953 abe-

369 1987 432 2011 ram
457 1979 495 2010 ab
516 1979 569 2010 illa
592 1977 821 2018 exspectatione
841 1976 909 2009 fore
933 1976 1124 2016 aliquando,
1157 1983 1192 2009 ut
1212 1976 1265 2017 qni
1283 1977 1326 2008 ita
1343 1976 1491 2015 sentiret,
1513 1976 1600 2007 velut
1624 1973 1733 2012 aliqua

369 2030 519 2063 horrendi
546 2030 691 2062 carminis
712 2030 803 2070 lege,
830 2049 1091 2061 ........
1115 2027 1177 2059 Sed
1196 2027 1233 2058 de
1252 2028 1289 2058 ea
1311 2027 1436 2067 quidem
1459 2036 1491 2058 re
1513 2026 1598 2058 filere
1623 2024 1727 2056 hacte-

369 2090 431 2113 nus
453 2080 607 2121 praestat,
638 2101 857 2114 .......
889 2080 1061 2119 potiusque
1085 2078 1236 2119 exemplis
1257 2089 1355 2119 porro
1378 2077 1605 2114 demonstrare,
1639 2073 1727 2114 quod

371 2133 461 2172 supra
482 2132 763 2165 animadvertebam
777 2155 789 2171 ,
813 2142 922 2164 omnes
940 2132 1069 2164 omnino
1094 2129 1271 2169 Scriptores
1293 2131 1460 2167 Graecos,
1485 2128 1613 2159 Atticos
1638 2135 1728 2166 prae·

368 2183 499 2225 sertim,
533 2184 591 2225 qui
616 2191 690 2218 ante
711 2183 884 2216 Alexandri
907 2184 1019 2224 Magni
1043 2187 1176 2215 aetatem
1208 2174 1411 2220 floruerunt,
1446 2176 1627 2218 &magalim
1648 2177 1671 2209 i.
1697 2185 1729 2207 e.

1655 2233 1733 2260 tem.-
