1913 2640
375 265 425 309 14
704 252 749 293 ‘0
832 245 1222 293 R-AtT—‘II
1308 244 1349 290 0

425 375 482 422 At
522 380 651 423 vero,
690 379 810 425 roget
854 368 1067 422 quisq'uzim
1103 367 1143 408 &
1166 363 1342 418 merito,
1383 361 1487 420 quae
1522 367 1687 412 demum

370 459 449 503 fuit
472 461 597 510 ratio,
632 470 733 511 quae
760 459 991 506 Socratem,
1021 455 1164 496 civem
1180 457 1410 507 optimum,
1442 456 1686 507 impedivit,

366 559 453 602 quo
500 549 633 587 minus
677 546 829 586 Patriae
866 540 1075 595 prodesset
1111 540 1180 581 illa
1208 542 1251 581 in
1279 541 1478 591 statione,
1521 545 1603 593 qua
1626 543 1690 583 vir

370 636 550 688 probus,
582 632 804 681 honestus,
837 630 876 670 δι
910 629 1090 681 prudens
1123 630 1284 669 civibus
1309 629 1482 669 maxim-e
1505 627 1693 681 prodesse

373 730 508 775 queat.
567 720 632 760 Ad
664 721 828 770 Remp.·
847 716 1063 770 gerendam
1098 716 1359 757 Charmidem
1390 716 1571 768 aliosque
1603 715 1696 756 hor-

374 818 480 850 tatus
511 807 597 856 est3
631 808 670 848 &
702 805 951 857 Aristippum
984 805 1161 856 graviter
1187 803 1478 856 reprehendit,
1511 802 1622 854 quod
1641 803 1698 842 ita>

375 895 416 935 se
452 892 742 947 comparasset,
784 902 829 932 ut
856 892 1082 944 voluptatis
1113 900 1235 942 atque
1272 890 1347 930 otii
1376 882 1500 942 gratia
1530 889 1698 929 admini-

374 982 552 1023 strandae
580 980 740 1021 civitati
772 981 939 1031 ineptus
961 978 1186 1019 videretur.
1248 977 1362 1030 Quin
1383 976 1474 1028 ipse,
1492 985 1573 1016 tam
1591 977 1699 1015 bene

379 1077 580 1118 noverat,
635 1077 737 1119 quae
792 1066 886 1105 artis
928 1065 1239 1116 imperatoriae,
1304 1073 1409 1114 quae
1453 1061 1701 1115 magistratus

380 1154 510 1196 essent
526 1165 687 1207 partes,
717 1161 764 1192 ut
786 1152 889 1192 nihil
912 1152 954 1190 in
977 1150 1053 1207 isto
1077 1160 1228 1202 genere
1254 1149 1528 1187 excellentius
1546 1149 1704 1201 legatur

382 1253 501 1296 quam
523 1241 593 1292 qui
617 1239 674 1280 est
688 1238 795 1291 apud
805 1237 1152 1292 Xenophontem,
1175 1237 1223 1276 de
1243 1235 1475 1276 revocandis
1499 1233 1705 1289 adpristi-

382 1341 477 1372 nam
500 1325 786 1382 fortitudinem
822 1324 1126 1378 Athenienstbus
1149 1320 1310 1363 habitus
1342 1333 1435 1361 cum
1456 1321 1614 1362 Pericle
1645 1320 1708 1372 ju·

381 1417 525 1466 niore,
562 1414 693 1454 sermo
727 1413 973 1454 Socraticus.
1033 1403 1293 1466 Quid'igitur‘
1320 1420 1341 1450 a
1364 1405 1605 1461 capeffenda
1625 1408 1707 1447 Re-

383 1502 549 1558 publica
574 1496 870 1550 Philosophum
899 1497 1129 1536 deterruit?
1189 1495 1371 1537 Caussam
1391 1495 1583 1542 narrabo,
1612 1495 1709 1534 AU-

386 1598 652 1636 D1TOREs,
695 1583 817 1636 ipslus
853 1583 1028 1623 Socratis
1061 1580 1168 1633 apud
1200 1580 1511 1619 PLAToNEM
1541 1579 1705 1628 verbis,

388 1689 439 1718 eo
469 1674 657 1728 plenius,
697 1671 810 1723 quod
841 1671 883 1709 in
921 1669 995 1710 hac
1027 1668 1138 1709 vitae
1178 1666 1408 1706 Socraticae
1437 1673 1553 1718 parte
1586 1674 1708 1717 caput

389 1761 584 1804 orationis
608 1757 767 1799 nostrae
788 1756 962 1796 maxime
983 1755 1031 1795 fit
1050 1753 1316 1795 versaturum.

448 1852 481 1873 ‘⁶
513 1845 742 1888 Absurdum
783 1844 903 1884 vobis
937 1841 1151 1890 videatur,
1190 1852 1215 1879 o
1248 1839 1375 1879 Cives
1395 1837 1445 1878 ⁹⁹!
1477 1856 1553 1869 --
1590 1835 1616 1889 (
1627 1848 1715 1888 pars

393 1937 450 1979 est
484 1934 716 1982 Orationis,
747 1942 865 1983 quam
901 1930 1014 1969 Plato
1050 1927 1180 1968 literis
1214 1926 1491 1979 consignavit,
1521 1933 1567 1963 ut
1592 1936 1612 1963 a
1639 1923 1711 1963 So-

393 2035 501 2066 crate
535 2021 585 2062 ad
608 2019 805 2059 Tribunal
841 2015 1108 2058 Heliasticum
1129 2016 1341 2068 habitam)
1361 2033 1404 2043 —
1443 2015 1474 2035 ‘⁶
1499 2009 1712 2053 absurdum

395 2141 426 2161 2,
455 2109 576 2150 vobis
598 2106 807 2153 videatur,
832 2107 879 2144 o!
905 2105 1056 2153 Cives,
1083 2114 1148 2143 me
1174 2102 1318 2141 multas
1339 2096 1631 2140 circumeundo
1647 2097 1717 2137 do-

400 2228 429 2247 „
460 2207 575 2245 mos,
617 2203 763 2247 magno
796 2203 889 2232 cum
928 2192 1065 2231 labore
1097 2190 1135 2231 &
1171 2186 1378 2238 molestia,
1421 2183 1603 2238 pluribus
1635 2184 1716 2235 pri-

1590 2300 1619 2320 „
1649 2281 1716 2310 va·
