1913 2640
355 234 414 267 116
585 226 988 270 ntsQU1S1T10
1029 226 1104 260 DE
1145 199 1470 262 Epismms

354 328 459 370 passim
481 324 604 364 vestes,
630 324 776 357 detonsae
798 324 836 357 ad
854 330 959 356 cutem
981 331 1110 362 comae,
1131 323 1324 364 prodeuntes
1345 332 1418 356 cum
1438 323 1583 365 lacrymis
1605 323 1636 356 &
1654 335 1705 366 geu

353 378 435 410 initu
457 376 495 408 ad
515 376 682 408 Phratoras
706 376 778 409 suos
800 376 911 417 pullati
931 377 1034 408 cives:
1058 374 1174 414 Neque
1196 374 1258 407 hoc
1281 375 1370 408 satis:
1393 375 1497 408 Pretio
1517 375 1710 416 &precibus

354 427 546 460 conducitur
568 427 750 459 Callixenus
772 428 910 464 Orator,
933 435 970 457 ex
988 425 1041 456 illo
1065 425 1378 466 hominumjgenere,
1402 426 1516 466 quibus
1533 437 1636 459 rerum
1652 438 1710 458 na·
1742 465 1743 472 ἵ

353 488 450 517 tura,
476 489 535 510 non
553 486 687 518 parens,
713 478 773 518 sed
795 487 942 514 noverca,
967 475 1322 515 (Qumc'rlunm
1347 479 1452 509 verbis
1481 479 1578 518 utor)
1601 478 1709 518 facul-

352 539 448 564 tatem
478 529 631 567 dicendi,
657 529 769 569 sociam
786 529 936 567 scelerum
955 549 966 565 ,
994 526 1153 566 adversam
1181 528 1395 565 innocentiae,
1424 527 1530 564 hostem
1549 531 1712 570 veritatis,

354 581 469 613 dedisse
492 579 649 612 videatur.
696 579 757 610 Hic
777 578 912 610 dicendo
936 579 968 610 in
993 578 1110 609 Senatu
1133 577 1304 616 Ducesque
1329 576 1503 609 accusando
1523 579 1712 612 C'ousuhurn

354 632 392 663 ab
417 642 454 663 eo
483 633 649 670 impetrat,
672 636 730 668 ut,
753 630 840 660 nulla
865 630 999 668 amplius
1023 629 1084 660 reis
1105 627 1248 660 conccss‘a
1270 626 1472 670 defensione,
1490 629 1588 661 Cives
1611 632 1649 662 aa·
1665 630 1712 663 fe-

353 683 449 715 renda
470 683 502 713 in
521 681 662 722 geminas
680 689 774 711 urnas
792 679 932 711 tributim
949 678 1092 719 suffragia
1114 681 1303 710 citarentur:
1338 679 1371 710 Si
1388 679 1490 711 officio
1511 679 1712 712 minuerec‘te

354 734 454 766 functi
476 732 587 773 majori
610 730 827 771 suffragiorum
855 739 986 762 numero
1008 730 1246 770 judicarentur,
1269 736 1369 761 morte
1396 731 1624 770 plecterentur,
1652 740 1712 771 pu-

352 786 545 818 blicarentur
570 784 667 815 bona.
708 780 800 820 Imo,
829 790 868 812 ne
894 780 970 819 quid
999 782 1100 821 turpis
1132 781 1248 813 deess‘et
1277 780 1402 813 artificii
1427 781 1559 821 (quales
1582 781 1709 814 fraudes

355 836 385 868 &
407 834 533 866 insidiae
559 833 643 866 haud
670 830 810 864 insolitae
830 832 899 863 sunt
924 830 971 862 isti
987 831 1150 865 hominum
1172 833 1298 872 generi,
1322 832 1438 872 quibus
1461 841 1524 864 non
1540 832 1627 864 firma
1643 840 1712 865 tan-

351 893 445 924 tum,
475 885 526 916 sed
550 885 636 916 nulla
660 883 774 923 etiam,
804 884 894 915 frons
915 883 947 914 in
975 884 1069 915 rebus
1094 884 1240 916 civilibus
1263 884 1418 914 laudanda
1442 883 1593 922 videtur)
1622 891 1712 922 erat,

358 937 413 976 qui
438 936 468 966 se
492 936 578 968 dolio
607 933 814 972 insidentem,
844 933 946 966 farina
971 936 1092 974 pleno,
1121 944 1159 966 ex
1181 935 1275 965 undis
1301 933 1434 966 enatasse
1457 933 1488 965 δι
1514 944 1531 966 a
1552 934 1713 975 naufragis

359 987 506 1020 mandata
528 986 686 1017 vindictae
710 983 881 1023 accepiffe,
904 985 1104 1026 impudenter
1128 985 1166 1015 ad
1181 985 1337 1016 credulam
1356 986 1587 1018 multitudinem
1603 986 1715 1018 menti—

355 1045 457 1071 retur.
501 1036 587 1074 Sed,
611 1045 704 1075 quam
728 1035 850 1075 perdita
873 1037 965 1067 etiam
984 1036 1021 1068 fit
1040 1037 1070 1068 δι
1090 1035 1195 1068 insana
1216 1037 1378 1068 hominum
1398 1036 1572 1076 colluvies,
1596 1044 1632 1067 ut
1649 1046 1713 1068 me-

352 1092 422 1122 dios
444 1096 548 1121 tamen
571 1088 654 1119 inter
674 1087 815 1118 furentes
833 1087 919 1118 cives
940 1087 990 1118 vel
1013 1095 1096 1118 unus
1120 1087 1227 1120 saltem
1251 1095 1304 1119 aut
1327 1089 1404 1120 alter
1427 1087 1503 1119 adfit
1517 1090 1639 1128 generis
1656 1090 1713 1120 hu-

355 1141 439 1173 mani
465 1138 650 1178 &justitiae
675 1137 821 1177 Vindex,
852 1139 932 1170 velle
955 1139 1044 1178 saepe
1072 1138 1199 1171 videtur
1220 1139 1350 1170 Numen
1379 1139 1579 1178 supremum:
1612 1139 1713 1171 Erant

353 1192 496 1228 idcirco,
532 1189 587 1227 qui
608 1188 806 1218 Callixenum
828 1188 1014 1217 violatarum
1035 1188 1158 1225 Legum
1184 1190 1216 1217 in
1242 1190 1381 1225 roganda
1403 1188 1626 1227 scribendaque
1645 1191 1713 1220 Au-

355 1242 498 1272 &oritate
531 1238 667 1269 Semitas
699 1236 914 1275 postularent,
948 1243 1014 1266 tum
1048 1237 1134 1273 quod
1160 1239 1222 1268 reis
1246 1237 1329 1275 (qui
1357 1236 1429 1275 ipsis
1453 1247 1518 1268 non
1540 1239 1713 1276 negabatur

352 1289 522 1323 homicidis
547 1287 578 1318 ὅτ.
603 1287 788 1326 sacrilegis)
819 1295 943 1318 omnem
967 1295 1024 1325 pro
1045 1286 1074 1318 se
1100 1285 1225 1317 dicendi
1248 1286 1353 1316 locum
1375 1285 1615 1325 interclusisset,
1643 1294 1711 1318 tum

354 1341 441 1380 quod
468 1338 594 1371 Canoni
621 1338 801 1378 Psephisma
822 1337 1003 1376 sprevisset,
1035 1348 1071 1369 ex
1099 1337 1191 1376 cujus
1220 1336 1410 1376 praescripto
1438 1337 1562 1378 denno
1590 1345 1712 1371 tantum

353 1401 409 1423 reo
433 1392 496 1422 una
519 1389 739 1428 suffragatione
763 1394 887 1429 poterat
913 1389 1051 1421 decerni.
1095 1389 1344 1428 Euryptolemus
1361 1390 1388 1419 is
1405 1394 1492 1426 erat,
1517 1387 1546 1418 &
1563 1391 1708 1422 nonnulii

356 1442 407 1473 alii
428 1451 443 1472 e
468 1441 611 1480 populo,
635 1440 715 1470 inter
742 1449 823 1479 quos
847 1439 876 1470 &
898 1440 1078 1472 Axiochum
1102 1440 1443 1471 fuisse›existimamus.
1489 1438 1549 1469 Sed
1575 1441 1652 1479 quid
1673 1441 1712 1472 ad

355 1491 483 1522 rabidos
507 1491 537 1522 ἃ.
557 1490 703 1522 efferatos
726 1490 797 1521 sana
824 1500 911 1521 mens
928 1491 958 1522 δι
977 1491 1080 1523 ratio?
1106 1491 1259 1531 Lyciscus
1282 1491 1515 1531 intempestivos
1533 1491 1624 1522 hosce
1647 1501 1714 1524 mo-

353 1543 473 1574 nitores
496 1543 628 1580 eodem,
653 1551 717 1581 quo
741 1542 871 1580 Duces,
890 1542 1013 1581 J'udicio
1039 1543 1232 1574 damnandos
1249 1542 1373 1572 clamat.
1415 1541 1568 1581 Prytanes
1586 1550 1715 1583 tamen,

354 1594 383 1626 se
405 1594 561 1633 Populum
589 1600 699 1624 contra
722 1593 840 1632 Legem
860 1594 910 1632 (i.
936 1602 964 1623 e.
989 1592 1106 1624 violato
1132 1592 1256 1624 Canoni
1280 1591 1517 1633 psephismate)
1547 1594 1580 1625 in
1604 1594 1711 1626 suffra-

356 1647 406 1685 gia
429 1644 593 1683 miss‘uros,
617 1651 754 1684 negant:
779 1645 847 1683 At,
871 1653 967 1683 quum
993 1643 1126 1674 Senatus
1149 1642 1235 1681 ipse,
1261 1643 1352 1682 cujus
1374 1644 1419 1675 ilii
1442 1644 1593 1676 decimam
1616 1645 1711 1678 facie-

355 1697 431 1727 bant
453 1703 594 1735 partem,
618 1695 783 1735 injustitiae
810 1696 972 1735 popularis
998 1703 1061 1725 non
1083 1692 1210 1724 consors
1234 1693 1332 1724 solum
1360 1693 1432 1725 effet
1456 1694 1507 1725 sed
1526 1695 1556 1726 &
1581 1697 1709 1736 auctor,

357 1746 440 1777 unde
458 1745 538 1777 hisce
552 1746 915 1786 Quinquaginta-viris,
939 1744 1077 1775 Decem·
1089 1743 1164 1773 viris
1184 1742 1288 1773 saltem
1300 1765 1310 1780 ,
1329 1743 1375 1782 (fi
1390 1753 1445 1782 per
1459 1747 1596 1783 Πξυτὲνεις
1614 1746 1708 1778 Proe-

356 1798 430 1828 dros
459 1796 665 1826 Contribules
690 1798 752 1825 um·
774 1797 863 1832 32:074stst
886 1793 1122 1834 intelligamus)
1153 1799 1273 1823 tantum
1297 1791 1359 1823 fuit
1380 1795 1566 1834 aequitatis,
1589 1803 1710 1829 tantum

353 1848 486 1888 justitiae
516 1845 648 1876 studium
663 1867 673 1884 ,
694 1853 729 1876 ut
748 1855 857 1877 contra
884 1845 978 1884 ipfius
998 1845 1132 1876 Senatus
1153 1844 1347 1875 voluntatem
1367 1843 1564 1878 niterentur?
1586 1864 1629 1870 —
1655 1848 1709 1881 Ab

358 1908 422 1929 nno
451 1898 605 1935 Socrate,
628 1905 644 1927 a
668 1897 737 1928 viro
762 1895 921 1937 Justiffimo
947 1894 977 1925 &
997 1894 1225 1933 sapientissimo.
1249 1912 1290 1920 —-
1310 1895 1346 1927 Id
1366 1895 1482 1927 scilicet
1499 1895 1642 1936 persaepe
1658 1906 1711 1930 va-

355 1949 398 1979 let
424 1948 516 1978 unius
539 1947 600 1978 viri
628 1947 798 1979 constantia
823 1957 858 1978 ac
881 1947 1002 1986 vigtus,
1036 1953 1070 1977 ut
1092 1946 1218 1985 plnres,
1249 1945 1323 1976 dum
1349 1946 1444 1976 modo
1468 1955 1508 1977 ne
1531 1946 1589 1979 fint
1607 1949 1710 1987 perdi·
1746 1966 1747 1970 =

358 1998 459 2031 *tiffimi
478 1999 503 2029 δι
529 1997 764 2035 sceleratiffirni,
785 1998 818 2028 in
836 1997 908 2037 ipsis
924 1995 1078 2026 refraenet
1096 1995 1286 2026 nefariorum
1308 1993 1507 2027 consiliorum
1526 1998 1708 2039 principiis,

361 2061 395 2082 ac
421 2050 470 2081 vei
493 2050 612 2081 ratione
644 2050 791 2089 reprimat
816 2050 866 2079 vel
886 2047 1006 2088 pudore
1022 2045 1193 2077 suffundat,
1236 2046 1490 2079 Sceleratiffimus
1512 2056 1614 2080 autem
1641 2057 1706 2082 erat

358 2100 562 2139 Callixenus;
587 2100 734 2140 ipsosque
749 2099 827 2130 adeo
839 2099 988 2139 Prytanes
1004 2098 1174 2136 accusans,
1196 2097 1392 2130 Concionem
1413 2099 1522 2130 iterum
1538 2098 1708 2130 inflamma-

357 2152 403 2183 vit
428 2152 650 2192 incenditque,
681 2150 846 2185 incondito
870 2151 1005 2181 clamore
1025 2148 1227 2188 poscentem,
1250 2155 1285 2180 ut
1309 2149 1374 2188 ini,
1405 2149 1458 2189 qui
1481 2158 1496 2180 e
1519 2149 1710 2190 Prytanibus

1657 2211 1714 2234 ne·
