1913 2640
385 201 434 248 18
687 199 1362 249 *ORATIO

381 314 600 360 Platonem
624 312 830 356 auctorem
854 316 1129 358 vehementer
1150 317 1395 376 sequentis)
1428 324 1458 346 ‘⁶
1481 334 1637 368 tantum
1664 331 1709 372 in

384 431 423 454 3,
453 401 560 452 Rep.
582 401 1055 453 contendendum-effe,
1089 411 1479 460 quantumffprobare
1506 412 1585 452 tuis
1605 415 1709 455 civi·

391 517 422 540 ‚‚
452 488 527 527 bus
550 487 666 539 poffis
683 517 695 537 ,
725 488 810 526 vim
844 500 979 539 neque
998 491 1183 541 parenti,
1215 504 1349 544 neque
1375 495 1527 537 Patriae
1552 498 1710 541 adferre

391 602 422 623 ,,
453 582 645 625 oportere
672 603 685 621 ,
715 593 756 601 -
785 572 835 611 de
858 573 1052 622 Platone,
1084 575 1247 627 inquam
1270 608 1282 626 ,
1325 579 1506 631 constat,
1548 595 1641 624 cum
1670 586 1706 626 is

395 687 426 707 ,,
457 658 511 698 ita
535 657 733 706 sentiret,
762 658 866 698 hanc
900 659 1022 699 etiam
1053 661 1114 699 illi
1148 662 1319 705 caussam
1350 665 1467 706 fuisse
1492 680 1575 709 non
1595 672 1714 712 attin.-

393 772 424 794 ,‚
457 740 611 795 gendae
645 743 767 794 Reip.
791 744 902 795 quod
925 774 938 794 ‚
978 758 1071 785 cum
1101 748 1334 790 offendisset
1357 752 1558 804 Populum
1584 757 1713 798 Athe·

393 859 423 879 „
454 827 636 867 niensem
670 840 798 880 prope
829 829 910 881 jam
946 831 1213 884 desipientem
1244 837 1453 879 senectute
1479 871 1491 890 ,
1535 854 1711 894 cumque

392 942 423 964 „
456 925 548 953 eum
571 925 647 953 nec
669 914 950 966 persuadendo
971 948 985 967 ,
1024 931 1101 959 nec
1133 923 1322 974 cogendo
1347 927 1431 978 regi
1454 926 1566 979 poffe
1589 929 1715 969 vidis·

397 1029 427 1051 „
459 998 521 1039 set
542 1029 556 1049 ,
597 1011 692 1040 cum
722 1002 954 1052 persuaderi
995 1005 1107 1057 posse
1141 1007 1342 1049 diffideret
1363 1040 1377 1060 ‚
1416 1014 1509 1066 cogi
1543 1012 1604 1054 fas
1633 1013 1715 1054 ess‘e

390 1117 421 1138 ‚,
454 1097 539 1125 non
561 1086 828 1128 arbitraretur.
844 1088 868 1102 '’
908 1089 989 1129 Sed
1007 1091 1109 1131 nihil
1130 1098 1390 1147 praeceptori
1412 1099 1484 1140 suo
1507 1098 1714 1142 adfinxisse

392 1170 606 1210 Platonem
627 1200 641 1220 ,
683 1172 796 1223 quod
829 1173 877 1212 ab
909 1171 997 1221 ejus
1027 1170 1199 1223 persona
1221 1183 1288 1214 aut
1314 1175 1515 1220 sententia
1535 1183 1715 1226 alienum

393 1254 520 1296 fuerit
541 1284 555 1305 ,
586 1254 692 1294 haud
718 1255 872 1295 incerta
897 1254 979 1296 fide
1004 1258 1229 1310 probatur3
1259 1273 1337 1302 nec
1373 1262 1575 1307 dubitabit
1606 1271 1716 1322 quis.

390 1352 514 1393 quam
534 1370 547 1391 ,
586 1339 617 1379 sl
648 1340 965 1382 consideraverit
986 1374 999 1394 ‚
1042 1356 1142 1397 quae
1175 1345 1301 1387 fuerit
1322 1378 1335 1399 ,
1375 1350 1575 1402 postrema
1602 1367 1716 1406 prae·
1786 1350 1790 1357 ¹

394 1422 532 1465 sertim
564 1434 696 1466 aetate
728 1427 906 1468 Socratis
923 1436 946 1479 ‚⁷
978 1429 1102 1483 Reip.
1127 1432 1295 1475 Atticae
1315 1437 1515 1479 conditio.
1573 1441 1717 1484 Paucis

394 1509 505 1550 illam
537 1511 577 1551 &
597 1523 697 1563 quae
722 1511 785 1552 his
810 1513 966 1553 eisdem
990 1515 1106 1555 annis
1127 1545 1141 1565 ,
1179 1518 1224 1557 id
1254 1518 1312 1558 est
1331 1549 1344 1569 ‚
1386 1521 1580 1574 flagrante
1603 1528 1718 1568 bello

395 1595 779 1649 Peloponnesiaco,
829 1598 1041 1640 civitatem
1080 1601 1306 1653 press‘erunt
1345 1607 1476 1657 mala,
1527 1610 1719 1665 depinga.

401 1693 526 1722 mus:
570 1681 637 1722 Ex
667 1683 747 1724 illis
780 1684 933 1737 quippe
966 1695 1068 1736 quae
1100 1699 1223 1738 porro
1265 1690 1438 1732 dicenda
1473 1693 1564 1735 sunt
1588 1727 1601 1747 ‚
1642 1699 1721 1739 cla-

398 1768 482 1808 rius
511 1768 749 1809 elucebunt.

458 1852 609 1905 Remp.
642 1854 842 1903 Atticam,
873 1853 1090 1896 discordiis
1119 1856 1283 1908 fessam,
1317 1871 1440 1911 quum
1472 1864 1719 1908 constituen-

405 1940 497 1980 dam
518 1937 740 1990 accepisset
763 1939 910 1990 Solon,
942 1950 1023 1981 tam
1046 1943 1270 1994 prudenter
1295 1947 1534 1998 popularem
1556 1953 1719 2003 regimi-

401 2025 466 2064 nis
501 2023 673 2065 formam
695 2034 993 2079 temperaverat
1016 2058 1029 2077 ,
1058 2037 1129 2080 ut,
1159 2030 1346 2082 oppreffa
1377 2034 1594 2086 praecipu&
1622 2041 1717 2080 mali

401 2110 492 2152 labe
514 2139 528 2160 ,
551 2108 683 2152 nimia
709 2114 968 2166 optimatium
995 2113 1233 2158 auetoritate
1255 2146 1269 2168 ‚
1302 2118 1402 2160 esset
1436 2130 1570 2163 tamen
1599 2123 1637 2164 &
1667 2127 1719 2167 ab

1658 2213 1718 2252 '21-
