1913 2640
368 225 421 266 24
651 210 1430 255 :ORA'Tlo'Nss

375 342 460 372 t-ur:
492 328 547 370 Et
577 338 712 370 tamen
741 329 852 370 idern
885 330 955 370 ille
988 329 1173 370 Socrates
1195 328 1367 383 pulchre
1390 342 1583 382 noverat,
1615 346 1692 376 nec

377 419 508 458 minus
537 425 677 468 aperte
709 417 1037 468 reprehendebat
1059 446 1071 467 ,
1112 426 1197 456 tum
1229 400 1383 459 civium
1413 419 1572 460 suorum
1609 431 1694 461 tum

376 504 498 556 ipsius
520 503 697 543 civitatis
717 503 841 551 vitia,
865 514 966 552 quae
990 502 1189 553 postrema
1208 504 1439 556 praesertim
1451 507 1572 558 Reip.
1590 516 1696 547 aeta-

377 600 420 630 te
453 590 728 630 invaluerant:
775 587 911 641 Leges
953 588 1041 628 istas
1064 618 1076 638 ,
1119 590 1169 629 de
1199 591 1349 640 quibus
1376 591 1723 633 modo·diceba-.

377 689 494 725 mus,
528 675 693 714 Aristidi
727 675 1025 726 propemodum
1063 676 1195 716 invito
1226 686 1432 727 extortas,
1473 677 1624 718 insanas
1650 691 1694 719 ac

376 763 553 814 publicis
587 761 816 801 commodis
850 752 1058 812 adversas,
1100 775 1194 802 curn
1228 763 1403 805 Isocrate
1441 766 1696 816 caeterisque

376 850 535 889 civibus
558 848 917 900 prudentioribus,
945 847 1166 899 J‘udicabat.
1220 853 1249 872 ‘⁶
1281 850 1410 903 Quis,
1439 851 1596 901 aiebat,
1626 852 1698 891 vel

381 965 410 985 ,‚
443 936 587 975 domus
611 935 702 975 suae
730 934 917 984 fabrum,
950 934 1094 985 quisve
1121 937 1234 976 navis
1257 938 1567 989 gubernatorem
1587 937 1694 976 sorte

380 1051 411 1071 „
442 1023 579 1074 legere
607 1023 745 1069 velit3
794 1022 1071 1072 peritiffimum
1105 1017 1276 1073 quisque
1309 1023 1381 1063 fibi
1414 1032 1529 1075 optat
1550 1052 1563 1073 ,
1613 1035 1697 1063 non

381 1137 412 1158 „
444 1119 566 1159 quern
597 1106 681 1148 fors
715 1108 935 1148 obtulerit:
985 1107 1044 1147 Et‘
1059 1117 1196 1148 tamen
1218 1109 1260 1148 in
1282 1109 1356 1149 hac
1377 1107 1507 1150 nostr&
1529 1110 1696 1149 civitate

377 1221 417 1244 „.
444 1194 498 1234 ita
521 1194 724 1239 vivimus,
754 1202 803 1229 ut
821 1192 936 1231 fabae
963 1189 1208 1230 constituant
1229 1191 1347 1240 illos,
1380 1192 1527 1242 quibus
1542 1192 1697 1234 ‘summa

380 1307 410 1328 „
443 1277 564 1328 Reip.
592 1274 640 1315 sit
661 1274 982 1322 committenda,
1005 1268 1119 1339 'qnasi
1140 1287 1241 1315 vero
1267 1276 1319 1335 in,
1337 1277 1605 1318 construenda
1625 1279 1699 1326 d0-,

380 1393 410 1415 „
442 1375 539 1413 mo,
570 1370 637 1402 aut
672 1362 841 1402 innave
867 1361 918 1401 ad
947 1344 1113 1412 portum
1138 1361 1403 1413 adpellenda,
1434 1364 1566 1404 minus
1590 1368 1698 1418 peri-

382 1480 412 1500 „
440 1449 582 1490 -culose
613 1460 733 1500 quam
756 1448 799 1488 in
824 1446 1130 1488 administranda
1154 1449 1262 1500 Rep.
1284 1451 1572 1501 peccaretur.”

433 1537 568 1577 Tanto
591 1545 727 1576 autem
751 1535 910 1588 gravius
931 1532 1018 1574 er'at
1037 1534 1254 1584 damnum,
1285 1535 1381 1576 inde
1400 1545 1563 1576 enatum
1586 1538 1698 1588 quod

384 1622 614 1676 ineptissimi
646 1620 763 1672 saepe
797 1621 1011 1669 homines,
1043 1619 1149 1659 sorte
1173 1622 1324 1671 creati,
1356 1624 1513 1673 populo
1535 1636 1697 1675 praees·

385 1710 497 1760 sent,
529 1720 611 1761 quo
645 1708 770 1760 magis
794 1707 878 1759 ipse
898 1707 1076 1758 populus
1097 1706 1297 1757 ejusmodi
1321 1706 1457 1758 foret,
1485 1712 1531 1749 ut'
1545 1709 1696 1750 idoneo

387 1798 426 1837 ὃς
458 1804 578 1835 cauto
613 1793 768 1834 fedore
799 1794 1070 1834 vehementer
1101 1789 1328 1845 indigeret:
1361 1793 1496 1844 Nam,
1527 1808 1619 1835 cum
1650 1798 1698 1837 ab

386 1882 466 1922 una
497 1890 611 1933 parte
647 1881 756 1919 mitis
793 1878 921 1929 esset,
962 1879 1185 1928 humanus,
1226 1880 1418 1932 elegans,
1461 1881 1698 1932 hospitalis,

389 1968 604 2021 aliquando
637 1968 758 2007 etiam
775 1965 1024 2018 Justiffimus,
1056 1967 1103 2005 ab
1124 1964 1248 2006 alter&
1269 1975 1405 2006 tamen
1427 1967 1533 2007 haud
1558 1967 1700 2007 imme·

390 2056 468 2094 rito
500 2068 520 2094 a
546 2054 752 2105 Scriptore
775 2053 954 2092 Axiochi
977 2053 1228 2105 reliquisque
1255 2053 1525 2103 Scriptoribus
1548 2054 1700 2093 Atticis

388 2142 622 2195 depingitur
652 2150 843 2193 tanquam
877 2141 1054 2193 ingratus
1074 2151 1166 2192 erga
1187 2140 1279 2178 illos
1294 2168 1307 2188 ‚
1338 2139 1409 2192 qui
1426 2139 1532 2180 bene
1555 2139 1605 2179 de
1629 2139 1700 2180 Pa-

1630 2224 1705 2266 tria
