1913 2640
379 246 419 283 Ξ
743 236 1377 278 ORATIO

393 341 468 408 Id,
502 367 596 396 cum
628 353 679 395 de
722 354 912 396 omnibus
949 364 1094 393 verum
1136 353 1208 404 sit,
1240 363 1325 395 tum
1360 356 1534 396 maxime
1564 356 1617 398 de
1645 359 1719 409 iis,

397 444 468 496 qui
499 442 771 495 elegantiores
801 442 936 480 literas
967 441 1005 481 &
1034 441 1284 491 antiquarum
1315 454 1446 482 rerum
1478 445 1619 484 colunt
1638 458 1723 485 me·

395 531 592 579 moriam,
625 527 819 568 adfirmari
855 526 1003 578 potest.
1063 527 1224 579 Fingite
1260 529 1378 568 vobis
1409 530 1585 582 aliquem
1608 562 1621 582 ‚
1653 533 1722 584 qui

400 631 423 660 a
445 617 572 670 prima
590 615 808 666 juventute
835 614 909 653 hac
932 611 1144 665 disciplina
1165 613 1390 653 dele&atus
1407 616 1454 655 fit
1470 646 1481 665 ,
1513 618 1571 656 ita
1591 624 1725 658 tamen

400 701 657 751 delee‘mtus,
685 709 733 740 ut
751 700 908 741 veteris
929 700 1021 739 aevi
1044 701 1232 752 exempla
1251 713 1334 741 non
1363 702 1625 754 conquireret
1643 704 1725 745 ina-

402 791 511 831 niter
532 786 738 836 curiosus,
771 786 1080 855 onerandaeque
1113 788 1236 839 magis
1261 800 1379 839 quam
1409 790 1608 829 ornandae
1640 802 1727 830 me-

404 876 558 918 moriae
583 873 784 925 cupidus,
815 872 885 913 fed
908 881 954 912 ut
975 872 1070 914 inde
1102 873 1175 914 fibi
1204 875 1422 927 colligeret
1441 885 1658 928 praecepta
1679 876 1733 916 ad

404 963 516 1003 vitae
547 960 776 1001 communis
804 959 944 1009 usum,
976 960 1014 999 &
1044 962 1177 1000 omnia
1203 960 1407 1004 societatis
1441 963 1576 1003 civilis
1599 963 1730 1004 officia

403 1048 567 1101 plenius
604 1045 833 1096 reffiusque
876 1025 1135 1096 praestanda:
1177 1047 1343 1100 Fingite
1374 1050 1485 1089 hunc
1516 1050 1730 1106 hominem

403 1136 520 1175 inea
546 1133 730 1173 incidere
760 1140 973 1182 tempora,
1004 1132 1193 1181 quando,
1224 1133 1442 1175 diffoeiatis
1472 1137 1626 1175 civium
1645 1131 1733 1189 ani*

405 1221 508 1269 mis,
539 1218 608 1259 alii
634 1217 722 1257 aliis
751 1214 893 1257 favent
913 1217 1120 1269 partibus;
1148 1217 1219 1268 &,.
1243 1217 1440 1271 gliscente
1467 1206 1740 1259 in-.diessma³-'

408 1307 469 1361 gis
490 1306 699 1358 magisque
723 1301 945 1354 discordia,
978 1304 1260 1345 difficillimum
1284 1305 1449 1346 tandem
1470 1304 1524 1346 fit
1539 1307 1645 1346 inter
1666 1313 1735 1347 tot

407 1405 454 1435 ac
477 1401 587 1433 tanta
615 1391 709 1432 odia
732 1400 866 1432 tutum
892 1390 1007 1431 fimul
1037 1390 1119 1433 effe
1150 1393 1190 1433 &
1221 1394 1419 1446 propositi
1442 1402 1652 1447 perpetuo
1669 1401 1734 1433 te-

407 1479 773 1531 nacemzfingite
805 1479 927 1518 vobis
949 1508 965 1527 ,
1001 1479 1190 1531 inquam,
1222 1482 1344 1522 talem
1364 1477 1738 1521 :hominemvae-

412 1560 519 1608 eeffe
541 1559 712 1605 omnino
741 1556 800 1598 est
819 1587 833 1606 ,
872 1565 919 1596 ut
951 1557 1133 1609 ingenita
1159 1557 1220 1596 illi
1249 1565 1407 1609 cupido
1436 1557 1649 1601 fe'efferat
1670 1572 1735 1602 res

411 1647 644 1703 praesentes
676 1642 935 1695 comparandi
962 1654 1056 1682 cum
1078 1644 1282 1695 antiquis,
1320 1655 1491 1696 eamque
1516 1645 1738 1688 divinatio·

411 1746 508 1777 nem
528 1730 777 1779 adhibendi,
807 1741 911 1780 quae
929 1728 1012 1769 sola
1032 1741 1131 1769 vera
1145 1729 1201 1769 est
1225 1730 1263 1770 &
1282 1741 1485 1783 nunquam
1509 1730 1614 1773 fallit
1628 1763 1640 1783 ‚
1674 1734 1749 1786 ipe

415 1822 497 1866 sam
522 1820 714 1862 nimirum
742 1816 1001 1868 prudentiam
1034 1816 1084 1856 de
1114 1815 1262 1857 futuris
1291 1829 1345 1858 ex
1376 1819 1745 1872 praeteritis—judi·

414 1916 589 1949 cantem.
623 1905 839 1946 :Naturae
860 1913 1061 1958 paremus
1092 1917 1251 1953 omnem
1281 1905 1319 1945 &
1349 1899 1438 1968 fieri
1459 1905 1698 1957 non-potest
1717 1936 1733 1956 ‚

419 1996 518 2047 quin
541 1993 723 2041 animus,
754 1991 808 2031 fic
840 2004 861 2031 a
893 1993 1045 2031 teneris
1073 1990 1202 2032 faetus
1234 1992 1272 2031 &
1306 1991 1539 2042 institutus,
1568 1992 1613 2032 in
1643 2004 1736 2032 ean·

415 2082 511 2123 dem
540 2080 766 2129 continuo,
797 2079 953 2119 invitus
977 2079 1079 2119 licet
1106 2079 1146 2119 ὅτ,
1174 2078 1474 2131 propemodum
1497 2077 1697 2119 remetans
1719 2109 1735 2130 ‚

416 2166 623 2209 deferatur
658 2174 794 2206 tamen
831 2164 1038 2219 cogitandi
1074 2165 1219 2216 viam,
1239 2165 1371 2207 -intet⁴
1394 2165 1640 2206 calamitates
1667 2164 1740 2206 Pa·

1613 2251 1715 2292 triae
1723 2281 1739 2303 ‚
