1913 2640
399 220 429 270 q
742 206 1387 256 ORATIO?

403 332 488 374 sum
511 328 739 371 constanter
760 330 964 380 tenuerit,
996 338 1116 380 atque
1141 330 1195 371 ita
1223 329 1263 370 se
1287 329 1475 384 gesserit,
1505 330 1551 373 u-t?
1571 334 1721 388 rigidus

401 430 520 461 verae
552 416 770 469 sapientiae
808 415 970 457 satelles
1002 417 1174 469 optimas
1204 426 1339 469 partes
1373 430 1577 470 nunquam
1609 420 1722 461 dese·

404 503 521 546 ruifl'e
539 535 552 554 ‚
582 515 717 554 neque
749 512 885 544 tamen
915 503 1010 542 ullis
1040 514 1214 554 unquam
1247 505 1400 545 civium
1423 502 1569 546 vstudiis
1595 515 1728 548 totum

404 590 488 630 sese
512 587 707 631 addixisse
733 590 771 629 δι
796 589 914 629 velut
935 589 1139 640 mancipio
1161 588 1365 630 tradidisse
1385 590 1585 631 videatur.
1637 591 1640 593 ’

458 676 548 728 Ego
593 688 728 725 vero,
792 685 1127 716 AUDITORES
1177 689 1218 717 o.
1279 689 1319 716 0.
1376 688 1722 718 HUMAlesx-

405 774 439 802 M
455 775 557 812 1‚‚—
586 760 718 816 (quid
740 761 850 801 enim
870 761 1059 811 diffitear,
1091 761 1420 814 perturbatiffima
1440 764 1538 814 hac,
1571 776 1646 816 qua
1665 766 1728 806 vi-

406 850 570 898 vimus,
604 848 758 888 Patriae
781 848 1047 898 conditione,
1078 860 1143 889 me
1166 848 1452 891 consolationis
1475 851 1729 903 indigentem

405 936 448 975 in
481 935 590 987 hisce
622 935 939 986 cogitationibus
967 933 1205 987 frequenter
1227 934 1308 975 effe
1332 935 1548 988 defixum)
1576 958 1619 965 -
1649 949 1728 989 ego

403 1032 528 1072 vero,
565 1021 661 1061 dum
683 1021 949 1071 Antiquitatis
973 1023 1209 1062 memoriam
1232 1024 1373 1063 recolo
1398 1053 1410 1073 ,
1456 1023 1557 1062 duos
1580 1024 1730 1075 potisfi-

405 1118 515 1146 nium
534 1107 703 1148 invenio
732 1108 870 1157 viros,
903 1106 1052 1159 dispari
1085 1108 1326 1148 conditione
1358 1122 1402 1149 ac
1428 1108 1594 1149 fortuna
1614 1138 1626 1157 ‚
1659 1107 1730 1147 sed
1759 1086 1762 1090 ¹

406 1192 475 1231 illa
503 1189 697 1242 sapientia
720 1199 860 1240 pares,
890 1196 964 1236 ut,
997 1187 1200 1239 corruptis
1224 1188 1375 1227 civium
1397 1189 1603 1238 moribus,
1636 1202 1728 1241 per·

407 1277 492 1318 dita
515 1275 768 1328 Republica,
797 1273 953 1314 adflifta
979 1287 1051 1326 per
1075 1286 1296 1326 paucorum
1321 1275 1556 1316 dominandi
1590 1277 1728 1317 libidi-

407 1375 504 1405 nem
537 1363 576 1403 &
609 1361 890 1402 universorum
919 1362 1135 1401 amentiam
1170 1342 1356 1403 libertate
1381 1393 1394 1412 ‚
1445 1363 1528 1403 sese
1561 1365 1727 1415 quidem

410 1451 459 1492 ab
486 1450 597 1495 omni
628 1449 851 1489 ambitione
876 1448 1244 1500 discordiarumque
1269 1451 1447 1490 motibus
1468 1452 1732 1492 removerent

411 1546 528 1588 quam
549 1535 794 1587 longiffime‚
825 1545 963 1584 neque
988 1542 1122 1574 tamen
1141 1536 1358 1585 quidquam
1381 1537 1577 1585 temporis
1601 1534 1732 1574 cauff&

412 1620 631 1668 facerent3
675 1618 745 1659 sed
775 1619 945 1658 humana
975 1618 1120 1658 cuneta
1151 1619 1310 1668 placide
1349 1631 1394 1659 ac
1431 1619 1639 1659 moderate
1669 1618 1732 1660 fe-

414 1714 551 1746 rentes
575 1734 591 1754 ,
628 1702 670 1743 &
707 1702 779 1743 fibi
809 1704 851 1742 ivn
880 1703 965 1742 vita
1004 1703 1106 1742 nihil
1137 1703 1418 1754 praestandum
1453 1714 1617 1756 praeter
1645 1708 1733 1746 cul·

413 1803 503 1844 pam
526 1797 740 1841 putanteS,
772 1789 973 1828 bonorum
996 1788 1032 1828 &
1057 1790 1348 1830 excellentium
1375 1791 1579 1842 virorum,
1612 1804 1730 1844 quas-

414 1887 576 1927 cunque
626 1876 668 1914 in
709 1875 877 1914 civitate
911 1883 1044 1926 partes
1079 1875 1372 1928 sequerentur,
1414 1876 1527 1916 usum
1556 1879 1731 1918 benivo-

416 1963 665 2013 lentiamque
698 1962 937 2001 retinerent,
1002 1961 1113 2002 Vere
1149 1964 1258 2002 enim
1294 1964 1553 2003 arbitrabatur
1585 1964 1730 2004 horum

419 2051 549 2099 alter,
595 2048 713 2087 Titus
743 2048 991 2100 Pomponius
1028 2049 1225 2099 Atticus,
1276 2049 1421 2089 fluetus
1457 2050 1601 2090 civiles
1643 2062 1729 2090 non

416 2134 540 2189 ‚magis
569 2136 612 2176 in
641 2135 802 2176 illorum
831 2133 912 2175 effe
940 2134 1139 2188 potestate
1158 2166 1171 2186 ,
1204 2136 1271 2187 qui
1302 2134 1342 2175 se
1368 2135 1418 2174 iis
1443 2134 1732 2184 credidiffent,

1613 2234 1729 2274 quam
