1913 2640
369 271 433 328 '34
629 265 758 311 mo
843 265 1131 307 Rus-T
1222 266 1244 305 1
1329 266 1431 308 o:

381 387 467 430 nidi
488 394 710 438 paucorum
735 382 963 426 adversatus
986 382 1067 423 est:
1094 383 1148 423 Et
1167 383 1339 435 primum
1358 384 1523 435 quidem
1540 416 1552 436 ,
1569 391 1705 429 ‚omnis

382 472 557 527 periculi
603 483 696 511 cum
729 471 889 511 civibus
921 470 1080 520 socius,
1122 470 1193 511 sed·
1223 472 1382 512 timoris
1414 477 1587 524 expers,
1629 486 1703 526 pe·

387 561 506 611 dem,
546 559 657 611 quod
694 559 841 597 merito
878 559 920 597 in
959 569 1009 597 eo
1045 557 1179 598 laudat
1208 558 1416 598 CICERO
1431 589 1443 608 ‚
1483 563 1604 611 porta
1626 574 1710 602 non

387 648 557 688 extulit:
609 643 891 685 Graffabantur
928 654 1064 685 tamen
1107 645 1287 696 Tyranni
1331 644 1554 686 foediffime
1575 660 1606 694 3v
1630 659 1709 687 nec

385 734 597 786 quisquam
632 731 705 772 fibi
740 741 808 772 aut
839 733 968 773 vitam
997 744 1064 774 aur.
1081 733 1188 773 bona
1210 732 1316 773 salva
1337 731 1495 783 sperare
1520 742 1710 786 poterat:

389 819 529 869 Nam,
560 818 771 871 postquam
804 819 1097 871 opprimendae
1127 818 1348 859 Libertatis
1382 820 1712 872 evertendaeque

388 907 679 949 Democratiae
714 907 838 958 gratia
860 908 1004 947 urbem
1022 906 1127 948 hosti
1152 905 1422 959 prodidiffent
1443 909 1569 960 magis
1595 919 1716 959 quam

391 992 670 1043 tradidissent,
691 1005 829 1033 muros
856 993 1123 1046 dejeciffent‚
1147 993 1308 1035 classem
1329 994 1368 1034 &
1390 994 1547 1035 navalia
1569 993 1716 1033 dereli-

382 1079 571 1134 *quiss'ent
580 1108 594 1129 ,
605 1079 804 1131 praesidio
825 1078 922 1120 freti
946 1081 1140 1133 Spartano
1153 1111 1164 1130 ‚
1180 1081 1291 1132 quod
1300 1079 1509 1132 Lysander
1523 1109 1536 1130 ‚
1548 1079 1630 1119 illis
1647 1089 1720 1132 pe·

393 1167 604 1214 tentibus,
617 1166 777 1206 civitati
800 1166 1072 1217 imposuerat,
1092 1167 1272 1217 ipsorum
1285 1145 1597 1207 Atheniensium
1618 1164 1723 1205 sum-

398 1254 510 1295 tibus
541 1250 761 1301 alendum,
793 1250 1118 1303 Triginta-Viri
1151 1251 1214 1292 isti
1245 1253 1497 1304 impotenter
1519 1253 1557 1293 &
1577 1250 1722 1291 crude·

398 1340 496 1380 liter
520 1339 857 1380 dominabantur:
889 1338 1107 1379 Malebant
1137 1339 1295 1379 scilicet
1323 1339 1548 1390 imperiosis
1570 1337 1722 1379 servire

401 1425 742 1470 Lacedaemoniis
764 1436 884 1477 quam
906 1426 950 1466 in
977 1424 1107 1466 liber&
1126 1426 1294 1467 civitate
1316 1438 1362 1468 ac
1385 1426 1456 1467 sub
1476 1425 1607 1466 forma
1625 1424 1729 1478 regi-

404 1510 523 1554 minis
545 1506 732 1559 populari
763 1523 857 1550 cum
886 1513 1052 1553 civibus
1076 1524 1209 1562 aequo
1226 1513 1316 1564 J'ure
1336 1514 1508 1554 vivere:
1541 1511 1728 1563 Cumque

406 1597 569 1643 initium
595 1591 787 1633 feciffent
808 1604 829 1632 a
852 1591 1197 1632 condemnatione
1218 1592 1444 1645 &capitali
1465 1604 1606 1634 eorum
1630 1605 1732 1645 poe·

395 1682 458 1729 Vna
479 1712 493 1733 ,
533 1681 607 1733 qui
629 1679 706 1726 ¹sub
743 1680 811 1718 illa
844 1679 968 1729 Reip.
998 1676 1133 1717 forma
1160 1679 1402 1720 calumniam
1433 1680 1655 1722 habuerant
1686 1681 1731 1722 in

409 1766 576 1824 quaestu
610 1765 797 1816 falsisque
835 1764 1370 1820 accusationibusoptimos
1403 1768 1518 1808 cives
1552 1778 1731 1808 vexave-

413 1862 524 1904 rant,
554 1853 717 1898 moxab
739 1851 836 1901 ista,
868 1854 1103 1904 quamboni
1131 1864 1216 1893 non
1241 1855 1551 1905 vituperabant,
1581 1850 1732 1894 severi·

413 1950 500 1981 tate
545 1938 814 1982 deflectentes
849 1937 898 1979 ad
926 1939 1127 1981 summani
1165 1940 1401 1993 injustitiam
1431 1942 1471 1982 &
1498 1940 1732 1990 feritatem,

389 2061 401 2065 -
417 2028 633 2069 nerninem-
647 2026 1025 2077 animadvertebant
1047 2028 1119 2069 vel
1151 2027 1351 2082 dignitate
1374 2029 1610 2080 veropibus
1635 2027 1735 2067 emi-

418 2124 543 2164 nere,
574 2114 672 2166 quin
697 2121 799 2154 eum·
811 2113 944 2155 statim
973 2116 1149 2168 corripi,
1178 2117 1221 2157 in
1239 2126 1442 2157 carcerem
1464 2114 1587 2164 duci,
1618 2122 1736 2154 neca-

422 2201 455 2243 ri
475 2200 692 2254 juberent5
720 2203 776 2244 ita
804 2211 852 2244 ut
884 2203 1003 2245 brevi
1025 2202 1340 2248 ceramensium
1360 2202 1516 2256 spatio,
1548 2212 1630 2255 quo
1651 2199 1737 2250 Ty-

1654 2297 1738 2327 ran·
