1913 2640
471 247 575 291 DE
634 246 1282 291 soanTEcrvn.
1489 265 1541 306 23

219 378 379 417 crata,
419 375 466 406 ut
502 367 609 406 inter
639 366 742 406 diras
782 367 860 407 luis
901 365 1047 420 strages
1080 364 1119 405 δε
1151 365 1393 408 cadaverum
1423 381 1534 410 acer·

218 468 294 497 vos
323 454 437 495 sanus
470 452 705 493 remanserit
736 466 779 494 ac
803 452 963 503 salvus,
996 453 1048 492 fic
1074 451 1111 491 δε
1134 452 1305 503 eadem,
1335 463 1380 493 ut
1400 455 1454 496 ita
1475 457 1534 496 di·

216 554 328 590 cam,
359 540 507 580 mentis
538 539 753 580 sobrietate
784 538 933 580 fastum
964 538 1107 587 fuiffe,
1150 547 1222 587 ut,
1263 538 1358 579 dum
1390 543 1535 594 reliqui

212 629 327 669 cives
357 628 582 667 animorum
609 628 699 667 tabe
730 626 765 665 &
802 625 1031 677 pestilentia
1064 625 1313 676 afflarentur,
1345 626 1451 667 solus
1486 629 1534 669 ab

215 713 290 754 isto
326 725 492 753 veneno
525 724 648 763 purus
671 711 994 763 perseveraverit
1018 711 1054 752 δι
1079 712 1265 752 intaetus.

269 798 325 839 Et
357 799 531 850 primum
562 797 728 848 quidem
751 797 913 837 necesse
937 797 1017 847 est,
1047 808 1121 848 ut,
1151 800 1220 850 qui
1248 798 1445 851 generos&
1475 800 1537 841 in-

213 884 308 928 dole
325 884 374 924 fit
391 892 533 934 natus,
565 883 805 923 servitutem
824 883 995 934 finibus,
1026 894 1197 937 propter
1211 896 1312 936 quos
1334 885 1535 927 summum

211 969 383 1012 Numen
420 982 547 1025 genus
584 971 806 1012 humanum
832 971 1092 1022 condiderit,
1123 971 1329 1012 adversam
1352 971 1533 1022 judicet:

216 1056 399 1098 Neceffe
431 1058 535 1098 adeo
570 1057 650 1108 est,
681 1068 727 1099 ut
760 1058 871 1098 idem
902 1058 1046 1099 statum
1078 1059 1256 1099 civitatis
1291 1060 1532 1111 popularem

212 1145 345 1182 cuivis
369 1145 437 1185 alii
456 1143 613 1186 formae
634 1146 842 1194 regiminis
863 1144 1088 1196 praeferam
1122 1145 1159 1185 &
1180 1155 1261 1186 tam
1285 1145 1536 1187 consumma-

202 1236 296 1268 tum
321 1226 450 1274 velit,
481 1234 676 1277 quantum
707 1226 945 1277 quidemid
973 1242 1047 1277 per
1076 1231 1253 1270 rationes
1276 1229 1362 1269 fieri
1381 1229 1529 1280 poffit,

207 1323 310 1365 quae
331 1313 375 1353 in
393 1312 585 1366 regundis
610 1311 939 1364 Rebuspublieisr
954 1310 1209 1363 spectantur,
1241 1325 1425 1364 quaeque
1452 1326 1530 1366 pro

205 1400 371 1452 ingenio
392 1400 666 1452 populorum,
697 1399 921 1451 regionum
937 1397 1105 1451 spatio-‚⁷
1122 1399 1354 1440 divitiarum
1376 1400 1528 1452 modo,

205 1485 482 1537 fimilibusque
513 1486 648 1528 cauffis
678 1486 811 1539 variae
843 1484 935 1525 sunt
958 1485 994 1524 &
1014 1485 1223 1525 diversae:
1255 1485 1439 1527 Necesse
1461 1488 1525 1528 in-.

209 1571 350 1622 primis
380 1569 465 1619 est,
504 1578 550 1608 ut
579 1570 642 1613 vir
672 1569 830 1621 sapiens
864 1568 1090 1619 &bonuz
1108 1571 1191 1623 vqui
1217 1570 1387 1611 Patriam
1406 1573 1526 1625 regio

213 1655 388 1707 imperio
416 1664 487 1695 aut
511 1655 746 1707 potentium
774 1654 1054 1695 dominatione
1075 1655 1244 1696 liberam
1268 1668 1288 1696 a
1309 1656 1526 1707 majoribus

211 1741 447 1794 acceperit,
481 1751 570 1781 eam
598 1740 857 1793 libertatem,
901 1752 979 1791 qua
1007 1743 1122 1792 poffit
1153 1744 1302 1793 opera,
1335 1755 1425 1782 curn
1452 1757 1524 1797 pe-

207 1827 338 1868 riculo
364 1827 485 1867 etiam
508 1826 603 1876 suo,
634 1826 880 1876 conservet,
908 1827 1102 1878 stabiliat,
1134 1836 1306 1868 tueatur.
1334 1850 1410 1859 —
1438 1830 1519 1872 Ta-

208 1913 257 1952 lis
292 1911 372 1952 fuit
400 1913 585 1953 Socrates
606 1942 619 1962 ,
663 1924 784 1964 quem
823 1913 943 1964 quod*
961 1912 1060 1954 forti
1090 1915 1126 1954 δε
1154 1914 1352 1954 constanti
1385 1917 1521 1959 animo

183 1996 330 2048 esset,
369 2008 588 2051 propterea
616 1998 652 2038 δε
677 1998 847 2039 formam
879 2001 1056 2041 civitatis
1091 2002 1257 2054 liberam
1283 2001 1424 2043 amasse
1456 2016 1519 2044 re-

202 2084 284 2124 fert
309 2095 577 2126 mocirNsss
604 2097 899 2136 LAERTms,
937 2089 997 2127 uti
1034 2100 1364 2139 xENOPHoN‚
1408 2091 1519 2141 quod

181 2168 465 2214 Ihumanitatis
485 2171 636 2225 plenus
660 2172 787 2228 esset,
814 2173 912 2214 ideo
934 2173 970 2214 ὅτ
992 2175 1230 2227 popularem
1255 2174 1373 2216 fuiffe
1400 2176 1518 2218 testa·

1424 2271 1512 2303 turs
