1913 2640
419 298 523 341 DE
581 296 962 341 SOCRATE
1025 294 1233 337 ΓἾὙῈ.
1462 312 1511 347 41

199 447 231 468 „
261 416 595 468 adduxeruntque
633 415 820 465 Leonta;
863 427 940 468 ego
974 427 1075 457 vero
1117 415 1282 455 domum
1313 413 1415 454 abiit
1456 416 1520 456 Ac

197 498 229 552 ς,
257 501 380 547 solam
413 499 584 554 propter
614 501 719 542 hanc
751 499 920 541 cauffam
954 499 1062 540 forte
1088 500 1125 540 &
1157 498 1241 550 ipse
1270 500 1320 540 ad
1342 490 1517 540 mortem

194 590 227 637 „'
253 586 416 627 fuiss'em
457 585 625 638 raptus,'
658 585 731 625 nifi
771 586 889 627 brevi
925 594 1024 638 post
1055 584 1159 626 istud
1194 588 1416 636 paucorum
1445 585 1522 624 im·-=

200 697 232 724 5,
260 673 420 724 perium
444 671 582 712 fuisset
605 669 805 712 eversum.
826 670 850 688 ''
1405 663 1409 666 ⁴

251 757 309 797 Et
348 759 437 810 quis
461 787 474 806 ,
516 757 828 798 animadvertite
851 787 863 806 ‚
906 768 1241 805 Αυῡιτοῑυῑε,
1285 757 1374 808 quis
1409 757 1517 795 inter

198 851 368 895 quatuor
399 841 492 882 ill'os
523 843 704 894 reliquos
728 841 833 891 fuit,
865 843 934 894 qui
968 843 1177 882 hominem
1208 843 1435 891 insontem,
1470 839 1521 881 ad-

193 927 294 980 Juffa
333 925 617 977 Tyrannorum
661 928 782 968 domo
823 927 1074 978 extraewm,
1113 928 1276 981 capitali
1314 926 1520 978 supplicio

194 1012 436 1056 adfecerunt
457 1015 477 1054 2
518 1015 607 1066 quis
639 1014 688 1055 ad
726 1012 966 1054 servitutem
998 1024 1079 1055 tam
1110 1014 1265 1055 nefarie
1297 1014 1515 1065 promtus?

195 1100 393 1149 Melitus,
424 1102 691 1140 AUDITORES!
724 1121 765 1130 -·
794 1100 904 1141 idem
928 1101 998 1140 ille
1014 1100 1217 1150 Melitus‚
1246 1100 1315 1152 qui
1339 1098 1517 1139 triennio

194 1186 285 1237 post
308 1186 516 1225 Socratem
549 1185 777 1228 accusavit,
808 1196 997 1231 tanquam
1026 1188 1096 1232 qui
1127 1180 1419 1225 Demo'cratiae
1444 1186 1516 1221 At-

190 1266 296 1307 ticae
334 1266 522 1306 inimicus
567 1277 612 1305 ac
650 1264 861 1316 juventuti
903 1264 1167 1305 fastidiundae
1208 1266 1315 1305 illius
1360 1265 1514 1307 formae

193 1351 295 1392 effet
316 1351 465 1392 audior.
506 1374 548 1384 —
571 1351 731 1403 ·Atque
753 1351 821 1391 hic
834 1381 848 1402 ,
879 1363 1126 1393 Aum'romts
1140 1381 1153 1401 ‚
1186 1351 1236 1392 ad
1258 1352 1400 1394 ultima
1422 1363 1516 1405 pro·

195 1438 461 1491 grediendum
484 1438 602 1478 nobis
624 1437 733 1478 foret
758 1439 934 1478 Socratis
956 1437 1063 1491 fata,
1095 1438 1486 1491 damnationemque
1501 1471 1517 1491 ,

197 1535 341 1574 quam,
372 1536 465 1563 eum
491 1524 561 1564 sub
592 1524 793 1573 Tyrannis
826 1523 1030 1573 evasisset,
1074 1522 1202 1563 libera
1229 1524 1377 1564 iterum
1405 1526 1521 1572 Civi-⁶

195 1617 276 1648 tate
299 1620 381 1648 non
404 1609 541 1650 evasit.
599 1608 683 1649 Hic
705 1609 812 1649 larva
833 1609 973 1659 Anyto
997 1608 1245 1649 detrahenda
1259 1637 1273 1658 ‚
1303 1629 1345 1638 —-
1373 1611 1515 1661 Anyto

195 1693 280 1744 isti,
311 1695 403 1745 qui,
433 1695 528 1735 dum
552 1695 658 1733 inter
676 1694 864 1734 vindices
881 1694 1103 1735 Libertatis
1137 1694 1383 1748 statoresque
1402 1695 1515 1737 resti·

194 1787 304 1820 tutae
325 1780 447 1831 Reip.
479 1781 520 1820 se
540 1792 634 1820 cum
657 1779 911 1830 Thrasybulo
940 1781 1098 1821 censeri
1122 1783 1387 1835 gloriaretur,
1418 1784 1514 1825 Phi-

197 1863 496 1914 losophumque
536 1863 712 1904 nostrum
746 1865 1004 1915 traduceret,
1045 1876 1091 1906 ut
1124 1868 1194 1918 qui
1222 1868 1341 1909 Deos
1373 1880 1517 1912 conte·

196 1956 383 1998 mneret‚
425 1949 667 2000 religionem
690 1979 703 1999 ‚
742 1951 854 2003 leges
876 1982 889 2002 ‚
934 1964 1069 1994 mores
1100 1954 1248 2006 Populi
1271 1955 1404 1994 ¹liberi
1430 1958 1516 1996 irri-

197 2034 314 2074 deret
334 2064 346 2083 ‚
390 2033 648 2074 Alcibiadem
681 2034 933 2088 Critiamque
966 2051 987 2078 a
1022 2039 1062 2079 se
1096 2048 1310 2091 corruptos
1339 2041 1515 2083 Athenis

197 2118 472 2171 imposuisset,
514 2121 736 2160 Civitatem
770 2121 946 2174 denique
983 2126 1215 2176 praeceptis
1249 2127 1286 2166 &
1322 2129 1515 2179 exemplo

199 2206 459 2257 perturbare,
498 2205 764 2259 labefactare,
803 2217 991 2250 evertere
1025 2221 1264 2260 conaretur;
1293 2234 1334 2243 —
1372 2213 1513 2264 Anyto

906 2293 939 2334 F
1429 2300 1513 2349 isti,
