1913 2640
326 263 376 303 <sa
645 233 1374 292 ,PnssonA‘TroNEs

339 354 456 398 quibus
478 360 626 387 mutatam
650 354 746 393 Reip.
772 353 904 385 formam
928 351 1035 384 debuit
1059 351 1181 389 Civitas
1202 353 1331 393 Attica,
1356 355 1386 387 &
1400 365 1472 388 curn
1491 361 1609 393 mutata
1627 361 1692 396 for-

340 411 391 441 ma
413 414 561 439 mutatam
587 415 714 446 quoque
739 405 924 446 fortunam,
946 404 1090 446 perditos
1114 414 1239 444 mores,
1264 405 1400 438 omissam
1422 407 1528 442 salutis
1545 412 1692 450 publicae

340 469 468 499 curam,
499 458 602 491 eversa
622 459 749 491 Patrum
768 456 925 496 instituta,
954 456 1086 497 spretam
1109 455 1269 496 Majorum
1293 457 1482 498 disciplinam
1497 483 1508 500 ,
1541 468 1635 501 atque
1654 473 1692 496 ex

338 512 482 544 libertate
505 510 628 542 modica
656 511 790 550 primum
808 531 819 548 ,
850 507 1054 539 immoderata
1079 506 1251 548 deinceps,
1281 516 1380 541 ortam
1411 513 1568 552 postremo
1597 514 1694 546 licen.

338 564 414 596 tiam
444 561 640 594 effraenatam
657 584 668 600 ,
700 571 716 592 e
740 560 867 592 licentia
889 558 1024 597 denique
1050 566 1236 599 prognatam
1261 558 1475 600 Tyrannidem
1493 564 1523 595 &
1539 565 1696 599 universo.

337 623 405 646 rum
428 613 627 645 servitutem:
663 611 789 652 Quibus
814 608 922 641 cauffis
945 610 1051 648 plures
1078 611 1190 642 addere
1216 611 1400 650 potuissem,
1430 612 1568 645 secundo
1585 616 1694 648 ordine

340 664 540 698 collocandas
551 686 561 702 ,
578 665 763 695 concionem
775 660 931 702 &judicia
945 659 1032 699 plebi
1045 661 1076 692 in
1092 661 1221 700 quaestu
1231 662 1328 702 posita
1342 673 1351 701 ς
1364 663 1496 694 violatas
1511 686 1521 702 ,
1535 674 1608 696 mox
1619 674 1694 697 con-

339 715 500 748 suetudine
515 715 682 754 abrogatas
693 737 704 753 ,
721 723 800 753 quas
817 719 926 744 contra
937 713 1076 744 novandi
1087 713 1247 744 libidinem
1258 713 1288 744 δε
1304 713 1558 754 Demagogorum
1572 714 1695 747 furores

340 768 454 799 tulerat
476 765 598 804 Solon,
628 766 713 804 leges
738 761 976 802 saluberrima53
1000 764 1170 803 negleetam
1195 764 1367 805 majoribus
1392 772 1467 797 natu
1489 765 1625 803 debitam
1647 775 1695 797 re-

339 817 509 851 verentiam
521 839 532 856 ,
555 817 712 855 aliasque:
737 814 799 846 Sed
811 837 822 852 ,
847 815 933 852 quod
951 814 1112 846 Orationis
1127 824 1212 847 meae
1229 816 1360 855 πάρεςγον
1377 815 1439 855 est,
1453 823 1602 856 tanquam
1617 815 1694 856 ἵςγω

337 879 402 902 non
429 876 493 900 erat
508 866 717 899 traetandum.
760 865 796 895 Id
813 864 874 895 alio
890 864 1023 896 fortaffis
1042 872 1203 905 tempore,
1229 867 1289 898 alio
1306 865 1433 898 forfitan
1454 875 1582 906 agemus
1599 867 1693 898 loco:

337 923 443 961 Nam,
466 929 565 960 quum
588 918 680 949 studii
703 917 731 948 δι
762 925 875 954 curae,
897 923 977 954 quae
1005 917 1241 956 cognoscendae
1268 917 1461 956 Antiquitati
1481 917 1694 959 impenditur,

341 973 428 1005 hunc
454 971 572 1010 semper
591 968 728 1000 frunum
747 966 935 1007 potiffimum
958 965 1018 997 effe
1037 967 1263 1008 judicaverim,
1285 975 1320 1000 ut
1339 967 1574 1008 praeteritarum
1593 976 1697 999 rerum

343 1023 515 1060 memoria,
543 1019 749 1060 experientiae
773 1019 842 1050 vice
866 1017 993 1055 funeta,
1023 1018 1188 1050 nostra.de
1210 1019 1304 1050 rebus
1328 1018 1542 1059 praesentibus
1565 1017 1697 1049 futuris-

342 1083 404 1114 que
428 1071 545 1112 Judicia
570 1072 703 1102 certiora
729 1070 839 1102 reddat
862 1078 897 1100 ac
920 1069 1063 1108 veriora,
1093 1069 1317 1101 institutionem
1346 1078 1445 1101 meam
1471 1068 1503 1099 in
1525 1067 1697 1100 Academia

342 1125 460 1157 Batava
479 1124 521 1154 ita
538 1121 776 1153 informaveram
788 1143 799 1159 ,
823 1127 878 1158 nt,
901 1119 975 1150 dum
992 1120 1126 1160 ingenua
1145 1115 1387 1152 adolescentium
1408 1120 1534 1160 peetora
1552 1119 1591 1150 ad
1610 1128 1697 1151 amo-

342 1184 406 1207 rem
425 1174 602 1205 Literarum
626 1172 819 1203 Graecarum
844 1171 1066 1202 inflammarem
1079 1195 1090 1210 ‚
1113 1173 1184 1203 illos
1197 1196 1208 1209 ,
1232 1173 1342 1211 (quod
1361 1173 1400 1203 ab
1421 1170 1567 1209 auspiciis
1587 1179 1697 1202 mune-

344 1226 387 1257 ris
409 1224 490 1260 mei,
520 1221 742 1260 plaudentibus
768 1220 860 1248 bonis
883 1216 1049 1249 omnibus,
1082 1216 1112 1246 in
1135 1226 1184 1247 me
1210 1218 1429 1256 susceperam)
1455 1233 1499 1243 -
1527 1220 1618 1256 illos,
1650 1220 1698 1251 in-

344 1282 463 1315 quam,
493 1269 652 1302 redderem
682 1277 742 1299 non
764 1274 887 1298 tantum
918 1267 1082 1306 doffiores,
1106 1267 1166 1308 sed
1188 1265 1230 1305 δέ
1254 1267 1412 1305 Μείἰονεε,
1455 1268 1541 1300 Ct'ves
1561 1269 1697 1301 Patriae

343 1324 552 1359 amantiores,
587 1319 747 1360 Majorum
770 1318 902 1358 denique
927 1318 1094 1358 nostrorum
1114 1317 1283 1357 fimillimos
1300 1326 1310 1346 :
1345 1317 1452 1356 Atque
1471 1317 1571 1350 isthoc
1592 1320 1696 1352 animo

343 1385 423 1409 Res
446 1379 643 1406 ATTiCAs
678 1368 837 1408 discipulis
860 1369 938 1401 meis
966 1369 1144 1400 accuratius
1177 1366 1299 1397 tradere
1330 1366 1563 1400 consueveram.
1623 1370 1697 1403 Hoc

342 1436 419 1460 vero
444 1422 570 1464 quando
593 1430 648 1461 per
670 1426 831 1459 tempora,
857 1429 936 1459 quae
958 1420 1114 1459 vivimus,
1137 1418 1273 1458 amplius
1291 1417 1366 1448 mihi
1382 1428 1445 1449 non
1461 1419 1503 1450 est
1518 1420 1696 1461 integrum,

344 1476 511 1514 constitui,
535 1481 654 1514 partem
681 1471 758 1510 otii,
783 1481 848 1510 quo
871 1472 902 1503 in
924 1472 1082 1512 posterum
1106 1470 1215 1509 fruar,
1236 1470 1268 1501 in
1295 1479 1332 1501 eo
1348 1471 1524 1510 collocare,
1546 1478 1582 1503 ut
1599 1481 1696 1504 erc-

343 1536 516 1563 TIONUM
547 1530 817 1556 ATTICARUM
850 1521 960 1554 Libris
987 1521 1163 1559 nonnulla,
1202 1529 1281 1559 quae
1310 1520 1348 1551 de
1373 1520 1456 1561 Rep.
1488 1522 1694 1562 Atheniensi,

345 1583 407 1614 five
431 1580 469 1610 ad
492 1578 625 1609 formam
651 1573 746 1612 Reip.
774 1573 905 1613 ejusque
930 1573 1120 1604 mutationes
1137 1572 1410 1611 mutationumque
1428 1572 1546 1604 caussas
1561 1573 1697 1613 spectan-

345 1632 410 1669 tia,
432 1629 493 1660 five
518 1627 556 1657 ad
579 1625 806 1664 Magistratus,
834 1622 978 1664 Judicia,
1001 1624 1031 1654 δι
1059 1623 1264 1661 Tribunalia,
1288 1629 1342 1653 aut
1365 1631 1527 1661 perperam
1551 1625 1631 1656 tradi
1651 1625 1698 1657 so-

344 1685 432 1720 lent,
455 1685 510 1710 aut
534 1685 598 1708 non
624 1675 695 1705 satis
718 1674 788 1704 sunt
812 1675 973 1705 enucleata
989 1698 999 1713 ‚
1031 1676 1135 1714 aliqua
1160 1683 1230 1705 cum
1259 1673 1334 1704 cura
1359 1681 1526 1712 exponam.
1554 1673 1696 1713 igitur,

343 1741 423 1774 quae
448 1729 486 1760 ad
511 1726 704 1768 probandam
730 1726 811 1756 hanc
836 1724 985 1757 sermonis
1013 1726 1073 1757 mei
1101 1732 1220 1765 partem
1247 1725 1337 1764 plura
1366 1724 1395 1755 in
1421 1723 1557 1755 medium
1581 1723 1698 1756 adferri

343 1783 484 1826 possent,
508 1780 607 1811 sciens
630 1777 756 1808 omitto.
801 1776 937 1808 Fundus
958 1787 1066 1808 eorum
1092 1777 1134 1807 est
1152 1783 1218 1807 tum
1235 1776 1379 1815 egregius
1401 1775 1431 1806 &
1449 1774 1590 1806 clafficus
1604 1776 1699 1807 locus*

343 1836 651 1867 Amsrornus
673 1827 769 1858 Polit.
792 1826 867 1857 Lib.
895 1828 935 1859 II.
961 1829 1043 1869 Cap.
1071 1839 1120 1860 10.
1144 1835 1211 1859 tum
1234 1826 1424 1858 admirabilis
1446 1825 1498 1856 ilia
1521 1825 1696 1857 [socna-

346 1894 414 1917 Trs
439 1880 569 1915 Oratio,
601 1887 680 1917 quae
708 1878 824 1909 dicitur
850 1877 1099 1920 Areopagitica,
1130 1886 1197 1909 tota
1220 1877 1448 1918 propemodum
1473 1875 1693 1916 describenda,

345 1943 382 1967 nt
407 1929 631 1965 oculati'testis
648 1952 659 1968 ‚
693 1929 898 1970 eJ'usdemque
919 1928 1005 1966 viri,
1045 1929 1099 1968 qui
1120 1929 1301 1969 popularem
1326 1926 1420 1966 Reip.
1448 1926 1580 1958 formam
1601 1926 1694 1966 supra

345 1993 453 2017 omnes
475 1982 551 2013 alias
574 1982 719 2012 laudibus
741 1981 831 2012 effert
862 1980 890 2010 &
910 1978 1089 2018 praedicat,
1110 1994 1153 2002 --
1184 1985 1219 2008 ut
1240 1978 1310 2008 talis
1331 1978 1391 2009 viri
1416 1979 1488 2018 ipsis
1512 1978 1614 2010 verbis
1640 1978 1694 2009 de-

346 2034 554 2070 monstretur,
579 2033 741 2071 quomodo
763 2031 973 2068 ferocientes,
1002 2029 1072 2069 post
1093 2029 1232 2060 devietos
1252 2029 1381 2069 Persas,
1403 2028 1607 2061 Athenienses
1624 2030 1693 2060 lau-

347 2083 494 2117 datiffima
518 2083 645 2114 Solonis
661 2082 801 2113 instituta
817 2079 1070 2117 immutaverint,
1093 2088 1266 2119 omnesque
1281 2080 1455 2120 promiscue
1471 2080 1555 2111 cives
1572 2080 1609 2111 ad
1628 2079 1692 2111 sor·

345 2138 488 2169 titionem
513 2133 648 2165 summae
672 2133 703 2164 in
727 2133 810 2172 Rep.
841 2129 1004 2170 dignitatis
1032 2128 1235 2169 admiserint,
1263 2131 1307 2162 ita
1334 2137 1369 2161 ut
1393 2130 1610 2170 pauperrimus
1627 2131 1694 2172 jam

347 2190 481 2230 quisque
507 2195 523 2218 e
550 2184 678 2225 publica
699 2185 837 2224 pecunia
862 2192 926 2216 rem
950 2180 1104 2221 privatam
1130 2181 1278 2214 stabiliret
1306 2187 1521 2222 augeretque,
1555 2181 1585 2214 &
1608 2182 1688 2214 civi-

1645 2238 1692 2265 ta·
