1913 2640
466 220 574 266 DE
631 219 1019 265 SOCRAVTE
1075 220 1276 265 CIVE.
1511 240 1551 288 3ss

213 348 312 390 triae
328 373 342 395 ,
383 345 491 384 inter
521 340 581 381 sui
613 340 886 393 etiam.ips1us
912 341 1334 394 aliquandomiserias
1357 374 1370 395 ,
1395 344 1473 386 ,hac
1494 344 1535 387 se

211 435 373 476 solatus*
389 429 727 485 recordatione,
748 429 855 470 nihil¹
879 428 1175 480 jamaevenire
1197 431 1309 482 quod
1331 434 1537 479 nonrolim

209 518 415 563 evenerit.
470 515 636 568 Fingite
658 522 785 568 'porro
809 515 1136 557 hunc->eundem
1169 517 1379 557 hominem
1400 518 1537 566 salutis

211 606 398 660 publicae
426 602 780 653 stud·iofiss1mum,
812 602 884 643 sed
906 615 953 644 ea
972 603 1113 643 indole
1134 612 1296 654 natum,
1327 613 1374 644 ut
1399 605 1539 646 huma-

209 694 381 734 nitatem
407 691 577 731 caeteris
601 690 774 747 *dotibus
806 689 1009 741 praeferat
1029 721 1042 741 ‚
1073 691 1289 731 neminem*
1305 691 1451 732 lubens
1471 691 1538 732 of-

211 778 353 821 fendat
363 807 377 827 ‚
393 778 528 818 omnia
540 777 669 816 officia
680 774 859 827 praestan
866 776 914 817 da
927 775 1010 816 effe
1022 776 1104 816 fine
1118 776 1294 818 factione
1307 777 1511 819 existimet
1522 788 1536 826 ς

209 865 271 915 &,
295 864 480 917 quamvis
497 864 624 904 malos
649 863 763 903 cives
783 861 913 903 odiffe
935 862 1152 912 didicerit,
1173 875 1379 917 nunquam
1403 873 1539 906 tamen

207 951 484 992 recedendum
503 959 626 1003 putet
652 963 674 990 a
693 948 894 1002 perpetu&
910 948 981 990 issa
1001 951 1171 992 naturali
1193 952 1404 1002 bonitate,
1436 961 1537 1003 quae

205 1040 329 1079 nullis
361 1039 515 1079 casibus
545 1050 682 1089 neque
713 1037 913 1087 flectitur,
945 1049 1081 1090 neque
1104 1035 1321 1078 minuitur:
1354 1034 1537 1078 Necesse

210 1125 361 1173 iterum
385 1126 462 1165 erit
477 1156 489 1175 ,
517 1126 618 1165 utin
639 1125 708 1176 illa'
727 1123 935 1165 intueatur
954 1121 1144 1177 exe-mpla
1167 1135 1333 1174 vetera,
1351 1119 1454 1176 quae
1476 1125 1538 1176 ip·

208 1208 317 1257 sum,
348 1204 582 1258 perturbata
602 1206 773 1245 civitate
790 1217 820 1254 ,’
842 1205 1044 1245 incertum
1082 1215 1222 1260 regant
1243 1205 1258 1258 ,’
1299 1208 1539 1251 haerentem

208 1294 431 1348 expediant
452 1324 465 1344 ‚
507 1303 615 1345 pene
655 1292 940 1345 desperantem
975 1294 1163 1334 recreent
1204 1291 1243 1335 δε
1278 1294 1536 1338 confirment.

209 1383 392 1436 Quaeret
425 1379 587 1422 adfidue
621 1391 706 1421 non
736 1380 1036 1422 Theramenem
1065 1382 1269 1434 aliquem,
1300 1383 1397 1436 qui,
1427 1395 1536 1424 nunc

207 1469 443 1523 potentium
472 1466 608 1509 fautor
640 1467 678 1507 &
711 1465 854 1508 affecla
876 1493 891 1515 ‚
919 1478 1027 1507 nunc
1052 1468 1307 1517 multitudini
1328 1464 1537 1520 jucundus

209 1557 399 1604 interque
427 1555 616 1592 homines
637 1554 858 1603 populares
876 1553 1119 1604 praecipuus
1134 1583 1147 1603 ‚
1178 1549 1424 1604 Tyrannidis
1447 1566 1536 1595 moe

209 1641 263 1681 do
288 1639 421 1679 socius
447 1637 506 1678 est
524 1667 537 1687 ,
568 1637 693 1677 modo
725 1637 762 1677 T
764 1649 1007 1689 yrannorum
1036 1639 1286 1680 adversarius
1318 1641 1356 1681 &
1385 1641 1509 1682 hostis
1521 1652 1541 1692 ,·

211 1728 362 1781 quique
393 1737 468 1778 per
502 1733 630 1766 totam
661 1725 788 1766 vitam
825 1734 941 1777 aptus
976 1727 1139 1778 utrique
1179 1726 1277 1778 pedi
1312 1728 1536 1770 cothurnus

211 1815 374 1855 dubiam
397 1813 568 1852 ‘virtutis
600 1824 649 1852 an
677 1812 888 1864 pravitatis
920 1812 1067 1854 famam
1090 1813 1318 1855 Posteritati
1336 1816 1536 1869 propaga·

211 1901 275 1940 vit
299 1911 308 1938 τ
356 1899 415 1938 At
449 1898 575 1938 talem
604 1899 814 1949 perquiret
849 1911 902 1939 ex
932 1901 1189 1952 Antiquitate
1219 1902 1354 1942 virum
1374 1932 1386 1952 ‚
1428 1903 1532 1954 qui,

211 1996 346 2036 neque
367 1985 656 2037 temporarius,
688 1996 822 2036 neque
845 1984 1034 2028 fortunae
1056 1987 1232 2037 amicus,
1265 1987 1336 2028 sed
1354 1986 1412 2027 sui
1434 1986 1537 2027 sem-

212 2084 287 2124 per
306 2071 478 2122 judicii,
509 2071 661 2111 restrum
687 2072 1018 2124 secundumque,
1051 2083 1246 2126 quantum
1274 2073 1361 2115 fieri
1389 2075 1531 2127 point,

215 2158 445 2199 furentibus
477 2159 668 2200 civilibus
703 2160 898 2212 procellis
919 2190 932 2209 ‚
974 2161 1017 2201 in
1056 2162 1154 2202 mari
1195 2161 1410 2214 scopuloso
1446 2173 1540 2212 cur-⁴

918 2248 956 2288 A
988 2259 1010 2287 2
1453 2246 1541 2293 suin
