1913 2640
397 324 470 360 Ac
508 322 796 359 PROEDRIS
837 325 1310 362 ATHENIENSIUM.
1491 340 1531 369 99

218 422 252 463 s.
272 420 316 452 V.
359 420 420 454 His
442 420 481 453 de
504 420 624 461 duplici
648 421 808 462 Epistatzl‚
831 431 868 455 ac
890 422 1008 463 duplici
1031 423 1242 456 Proedrorum
1264 433 1415 464 numero,
1445 424 1529 457 deu-2

179 480 392 512 novenoque,
414 472 575 512 cognitis,
598 481 749 512 quantum
778 473 904 514 quidem
924 473 1056 505 instituti
1076 475 1169 507 nostri
1192 475 1255 514 jam
1282 474 1340 506 fert
1364 476 1463 514 ratio,
1490 477 1535 508 vi-

175 523 328 562 deamus,
351 532 390 555 an
416 522 576 564 Epistatae
599 524 893 564 Proedrorumque,
917 524 971 563 qui
996 534 1012 556 e
1033 525 1222 565 Prytauibus
1246 532 1351 564 eraut,
1374 535 1479 566 partes
1503 528 1533 558 iu

177 573 333 606 concione
352 574 464 615 Populi
481 574 663 609 Ennium
675 585 723 608 us
746 575 804 607 Co
817 584 835 607 R
848 583 974 607 smus
989 575 1070 606 recte
1086 576 1226 605 retulerit
1247 574 1285 604 ad
1307 576 1436 606 alterum
1460 578 1534 618 Epi-

174 623 281 656 statam
293 625 514 666 Proedrosque
528 627 654 659 Novem
666 626 794 665 -vir0s;
819 635 857 658 an
874 627 955 658 reste
970 625 1021 657 illa
1036 625 1127 656 etiam
1137 647 1147 664 ‚
1172 634 1251 665 quae
1269 624 1300 655 in
1313 627 1532 663 rogationibus

174 676 444 716 relationibusque
468 677 507 708 ad
532 677 680 709 Senatum
699 677 952 718 Quingentorum
974 676 1157 717 praestanda
1174 683 1280 714 erant,
1306 674 1406 706 officia
1421 676 1531 710 iisdem

177 726 412 761 Novem-vitis
429 727 574 759 tribuerit
589 727 646 759 CL
658 738 804 760 EMENS
824 728 847 760 B
862 739 870 760 ι
884 738 956 761 AGl
969 728 1040 760 us?
1061 728 1168 766 Atque
1185 728 1260 758 hacc
1276 727 1401 767 quidem
1418 727 1535 767 postre-

172 785 223 808 ma
237 776 390 815 sententia
409 781 444 809 τῦ
467 778 611 817 παραθέξμ
625 786 686 811 tam
703 779 806 812 vicina
823 779 884 819 est,
908 787 969 811 tam
987 780 1144 811 universae
1160 780 1273 811 rationi
1294 779 1388 818 Reip.
1408 780 1534 811 Atticae

177 831 356 868 contraria,
385 835 448 861 tam
470 829 597 862 adversa
621 829 804 862 testimoniis
826 831 962 872 ipsorum
989 832 1079 862 etiam
1105 831 1414 868 Grammaticorum,
1446 837 1479 859 ut
1502 830 1534 861 in

172 878 225 912 ina
248 880 443 912 confutanda
460 889 524 912 non
541 881 676 913 multum
695 892 807 923 operae
830 882 1011 922 ponendum
1037 881 1192 913 videatur.
1238 882 1371 920 Πςάτανις.
1399 878 1435 911 1³0
1458 878 1536 908 Sem-

170 943 211 961 τιν
236 932 327 970 peip&
349 933 391 963 τῖς
412 935 494 967 anie
514 933 537 963 ῗ
562 932 754 963 mummola—a·
782 937 929 968 πεντέιιοῦκ
956 932 1042 974 ἕιέςες
1069 932 1119 963 xm*
1138 936 1198 969 μιῐὶς
1222 936 1323 970 φυλῆς,
1352 933 1376 960 οἱ
1396 930 1533 961 &caini-ns

170 982 283 1012 ἅπαντα
304 984 340 1012 τὸ
363 982 416 1014 ὀπὶ
432 986 476 1018 τῆς
499 987 580 1021 βκλὶἱξ
599 985 787 1025 πςοιττᾶμενσι,
810 984 950 1025 Πςυπίνεας
972 987 1098 1017 amaillo.
1121 985 1288 1026 ὲπξντιὲνευοι
1305 982 1335 1013 δὲ
1354 984 1389 1011 &a
1407 981 1533 1019 δικέοχίς

172 1034 284 1065 ἐδήλου
305 1036 335 1064 αι’
354 1035 422 1065 δέπαι
441 1035 529 1074 φ’,ιλεᾳΧ
548 1038 744 1075 κληρολοιχὲσιη
768 1038 840 1067 κατὰ
863 1039 982 1070 {venusam
1026 1038 1046 1069 S
1059 1046 1190 1069 UIDAE
1217 1036 1287 1068 suut
1302 1037 1397 1069 Verba
1414 1045 1445 1066 V.
1465 1035 1532 1073 πξᾶ-

171 1097 262 1122 ΝΜ,
286 1093 324 1116 ex
341 1086 458 1125 quibus
473 1087 616 1120 ETYM.
641 1087 692 1119 M.
716 1087 747 1118 in
769 1089 875 1120 eadem
892 1099 926 1120 v.
952 1089 1044 1121 facile
1060 1089 1250 1129 corrigatur.
1274 1103 1317 1110 —
1340 1086 1438 1126 Igitur
1453 1085 1531 1125 Pry-

170 1142 278 1168 tanum
304 1136 387 1176 fuit,
408 1137 683 1179 Proedrorumque
708 1138 739 1170 δε
759 1139 915 1179 Epistatae
938 1151 953 1172 e
971 1140 1185 1180 Prytanibus‚
1208 1139 1410 1184 Qgaeingentos
1425 1137 1533 1168 mode·

121 1224 126 1225 ⁷
169 1188 253 1227 rari,
275 1188 314 1221 iis
338 1189 493 1221 Consulta
517 1199 717 1230 proponere,
741 1190 771 1221 &
792 1191 831 1222 de
854 1192 996 1224 universal
1024 1192 1105 1232 Rep.
1130 1192 1168 1222 acl
1191 1200 1246 1222 eos
1269 1189 1404 1227 referre,
1428 1187 1529 1217 διοικῶ

169 1236 276 1270 οἵη-κῆαι
292 1242 329 1266 τὲ
345 1239 397 1266 ἐπὶ
411 1243 454 1268 τῆς
468 1243 553 1268 fluns
568 1242 740 1274 wgmssifmn·
755 1253 799 1259 -
821 1241 882 1267 Sed
900 1243 972 1275 quis
989 1249 1127 1277 unquam
1143 1247 1266 1277 praeter
1279 1240 1423 1276 Bingium
1442 1239 1480 1268 de
1498 1248 1531 1269 re

167 1286 332 1320 eertiffirna
347 1285 579 1318 dubitavit‘3—
600 1286 706 1327 Quare
723 1293 825 1318 autem
842 1287 1020 1320 dubitavit?
1042 1295 1172 1328 propter
1189 1288 1270 1318 idem
1286 1295 1503 1327 argumentum
1514 1310 1526 1327 ‚

169 1347 235 1379 quo
252 1337 406 1370 Corssnus
425 1337 593 1383 praecipue
616 1336 689 1368 usus
709 1335 751 1367 est
766 1337 804 1368 ad
822 1339 1059 1370 convellendam
1076 1337 1233 1378 Epistatae
1254 1336 1284 1367 &
1298 1336 1528 1378 Proedrorum,

168 1399 185 1421 e
205 1389 395 1430 Prytauibus
415 1388 579 1421 ductorum
597 1412 608 1428 ‚
633 1389 664 1421 in
684 1389 837 1420 concione
857 1388 972 1429 Populi
990 1390 1181 1422 moderanda
1196 1388 1426 1422 auctoritatem.
1468 1389 1529 1421 Ni-

168 1442 282 1474 mirum
307 1449 346 1473 ex
368 1439 476 1472 addito
499 1439 592 1473 Demi
616 1440 742 1472 nomine
763 1439 914 1473 Corfinus
939 1440 1129 1480 Bingiusque
1149 1440 1190 1472 ita
1211 1440 1281 1471 sunt
1300 1441 1529 1480 argumentati,

174 1493 258 1534 quasi
284 1491 404 1524 necesse
427 1491 523 1531 effer,
546 1498 582 1522 ut
599 1492 648 1523 vel
669 1491 844 1531 Epist-ates,
869 1493 917 1523 vel
938 1491 1113 1529 Proedrus‚
1135 1491 1185 1522 vel
1200 1490 1308 1521 Scriba
1327 1499 1364 1521 ex
1380 1491 1432 1522 illa
1455 1491 1530 1523 effet

174 1543 298 1582 Tribu,
321 1544 359 1574 ad
376 1552 473 1582 quam
498 1544 620 1576 Demus
641 1542 831 1582 pertineret,
854 1544 937 1574 unde
960 1543 1134 1573 diceretur:
1164 1541 1206 1571 Et
1227 1539 1389 1572 fatendum
1409 1541 1473 1581 est,
1496 1543 1529 1575 id

169 1594 291 1634 saepius
313 1592 483 1632 aecidiffe,
515 1594 587 1633 quia
615 1593 644 1625 ὃς
668 1593 756 1633 saepe
782 1594 965 1631 accidebat,
995 1599 1028 1623 ut
1054 1591 1143 1622 Civis
1169 1591 1267 1631 (cum
1289 1590 1528 1631 Jurisconsultis

169 1645 257 1684 loqui
280 1644 328 1677 fas
351 1643 414 1684 fit)
436 1644 550 1677 Forum
570 1646 704 1688 originis
723 1646 804 1677 idem
824 1646 954 1677 haberet
972 1654 1006 1676 ac
1026 1643 1139 1675 Forum
1169 1641 1341 1681 domicilii,
1365 1642 1426 1675 five
1445 1651 1480 1676 ut
1494 1644 1528 1677 in

168 1696 279 1728 eodem
300 1697 404 1728 Demo
424 1705 671 1728 commoraretur
693 1703 847 1737 perpetuo
860 1719 871 1734 ‚
894 1697 925 1727 in
944 1696 1036 1735 cujus
1055 1696 1171 1726 Album
1189 1703 1206 1724 a
1222 1694 1310 1725 Patre
1332 1693 1434 1726 fuerat
1450 1697 1528 1728 rela-

173 1753 246 1778 tus:
269 1746 416 1779 Socrates
440 1757 468 1778 e.
495 1757 543 1788 gr.
569 1758 640 1780 cum
658 1749 690 1780 in
708 1739 793 1781 Albo
811 1746 904 1778 Demi
924 1747 1135 1786 Alopecarum
1159 1746 1233 1777 effet
1261 1744 1447 1786 inscriptus,
1472 1748 1527 1786 qui

163 1796 285 1828 Demus
317 1798 355 1828 ad
377 1796 514 1830 Tribum
541 1800 736 1832 Antiochida
764 1800 963 1840 pertinebat,
997 1807 1014 1828 a
1037 1796 1166 1828 Platone
1188 1796 1356 1836 discimus,
1390 1798 1525 1832 Tribum

166 1848 359 1880 Antiochida
387 1851 495 1882 revera
515 1851 605 1883 fuisse
634 1849 851 1891 πςυηιεόυσκν,
882 1858 978 1890 quum
1001 1848 1172 1885 SocrateS,
1202 1848 1233 1879 in
1257 1848 1406 1880 Senatum
1424 1849 1527 1890 Quin-

167 1907 331 1938 gentorum
362 1901 511 1940 allet‘ms,
536 1901 692 1941 Epistatae
715 1912 844 1933 munere
862 1901 893 1931 in
911 1899 1078 1931 Concione
1100 1899 1213 1939 Populi
1235 1899 1439 1940 fungeretur:
1465 1901 1528 1933 Sed

168 1952 230 1981 hoc
256 1957 442 1989 perpetuum
462 1951 574 1990 fuisse,
598 1962 633 1983 an
657 1953 798 1985 constat?
821 1961 860 1983 an
886 1950 1061 1989 probarunt
1082 1949 1234 1981 Corsinus
1254 1959 1288 1981 ac
1307 1950 1458 1990 Biagius‘?
1482 1952 1527 1983 Et

169 2000 366 2041 probandum
394 2000 516 2041 fuerat,
539 2009 575 2034 ut
598 2004 693 2036 unico
710 2004 772 2035 hoc
799 2008 984 2043 argumento
1010 2001 1168 2032 universae
1193 2002 1402 2040 Antiquitatis
1425 2000 1526 2041 fides,

167 2062 231 2084 non
261 2051 519 2092 labefactaretur,
542 2055 765 2095 vermu‘plane
786 2053 968 2088 concideret
986 2052 1016 2084 &
1032 2052 1159 2093 periret.
1206 2053 1287 2091 Equi
1300 2054 1359 2084 {eiu
1379 2053 1456 2084 nibil
1474 2053 1527 2085 ad·

167 2102 276 2135 firmo:
301 2103 385 2142 Sed,
409 2105 572 2143 quomodo
599 2105 766 2138 solvendus
790 2105 841 2137 ille
864 2103 899 2136 fit
926 2104 1030 2137 nodus
1054 2104 1093 2134 de
1116 2102 1237 2141 adjecto
1260 2107 1385 2137 nomine
1412 2105 1525 2143 Demi,

166 2164 204 2186 ex
229 2164 294 2194 quo
321 2155 522 2192 Magistratus
548 2157 666 2197 fuerit,
699 2158 833 2190 Senatus
863 2155 1080 2190 Concionisve
1102 2155 1248 2195 Praeses,
1278 2158 1395 2198 quique
1420 2164 1524 2187 tamen

165 2207 286 2238 Demus
314 2206 352 2238 ad
380 2206 513 2239 Tribum
540 2215 606 2241 tum
624 2211 775 2249 temporis
792 2209 968 2250 primariam
985 2208 1163 2249 (quantum
1178 2208 1350 2249 novimus)
1372 2216 1437 2240 non
1455 2216 1525 2246 per·

169 2257 320 2297 tinuerit,
349 2274 386 2282 —
408 2259 571 2298 quomodo
593 2262 689 2302 igitur
711 2261 877 2294 solvendus
899 2259 936 2292 fit
960 2259 1012 2292 ille
1034 2259 1162 2302 nodus,
1193 2259 1270 2292 mihi
1290 2268 1353 2292 non
1380 2259 1523 2299 liquere,

890 2311 924 2344 N
947 2321 965 2343 2
1477 2310 1524 2342 in·
