1913 2640
385 231 438 259 20
721 205 1373 254 ORATIO*

389 333 495 387 apud
523 329 789 373 Heliastarum
814 325 1035 375 Tribunal‚
1071 322 1313 366 sustinuisset
1337 338 1349 382 ¹:
1394 323 1572 372 Verum,
1604 332 1709 374 quae

392 429 477 460 tam
494 417 696 469 sapienter
721 415 976 455 ordinaverat
1000 412 1125 452 Solon
1140 441 1152 461 ‚
1181 421 1227 451 ut
1252 419 1474 462 temperata
1492 409 1615 459 Reip.
1633 420 1708 460 po-

393 505 541 557 pularis
571 502 756 541 conditio
788 512 905 551 quain
936 498 1156 549 longissime
1189 497 1342 538 abeffet
1368 499 1416 537 ab
1449 490 1712 534 immoderata

392 590 580 629 libertate
612 587 647 625 &
682 585 845 636 quidvis
879 583 1053 623 audendi
1084 581 1249 621 licenti&
1279 612 1292 631 ,
1331 603 1373 611 -
1413 578 1714 632 prudentissima

399 675 502 714 haec
527 671 706 712 instituta
724 680 771 710 ut
789 676 1107 722 permanerent,
1138 678 1222 707 non
1249 667 1340 706 sivit
1359 664 1582 706 faetionum
1611 664 1717 703 inter

400 759 440 799 fe
475 758 717 798 certantium
743 755 986 803 aemulatio,
1018 766 1094 793 nec
1119 753 1262 803 populi
1286 760 1488 803 perpetuo
1516 750 1630 800 plura
1650 761 1719 789 cu.

398 845 550 898 pientis
571 843 730 882 levitas.
792 840 1051 891 Triumphis,
1087 850 1187 889 quos
1206 837 1368 876 aPerfis
1387 844 1718 888 reportaverant,

403 919 660 972 ferocientes
682 925 954 966 Athenienses
983 926 1030 965 ab
1060 922 1259 973 Aristide,
1291 924 1383 963 cive
1414 922 1572 973 optimo
1598 951 1617 970 ‚r
1651 920 1723 960 fed

403 1018 470 1057 cui
502 1015 636 1067 plebis
668 1011 785 1052 favor
819 1020 959 1050 contra
991 1011 1195 1050 aemulum
1225 1007 1544 1048 Themistoclem
1572 1017 1721 1058 perne-

403 1100 592 1142 cessarius
617 1107 725 1147 erat,
756 1095 1014 1137 extorserunt
1037 1095 1219 1147 Legem,
1251 1107 1327 1146 qua
1351 1093 1523 1133 summus
1553 1095 1594 1133 in
1623 1093 1725 1132 civi?-

404 1195 492 1227 tate
519 1186 652 1225 honos
685 1194 778 1222 curn
812 1178 946 1220 infima
969 1180 1091 1230 plebe
1122 1180 1442 1219 communicatus
1463 1176 1543 1224 est,
1574 1176 1727 1216 deinde

404 1270 630 1314 statutum,
670 1276 717 1307 ut
751 1265 984 1304 Archontes
1021 1276 1104 1305 non
1133 1266 1305 1317 amplius
1346 1263 1540 1315 suffragiis
1581 1261 1729 1313 populi

408 1357 479 1398 sed
511 1355 617 1401 sorte
653 1360 898 1392 crearentur.
959 1350 1062 1389 Cum
1093 1360 1227 1391 autem
1248 1350 1330 1390 sors
1354 1349 1500 1389 Pericli
1523 1359 1730 1398 nunquam
1778 1355 1780 1358 ·

410 1439 575 1485 faviffet
604 1439 653 1479 ad
684 1439 801 1477 illum·
825 1434 1094 1488 magistratum
1120 1436 1424 1484 obtinendum,
1463 1434 1618 1485 sibique
1647 1434 1734 1473 hoe

411 1529 530 1570 velut
555 1524 640 1565 fato
672 1522 824 1563 aditum
862 1519 911 1560 ad
942 1521 1276 1571 Areopagitarum
1312 1517 1448 1558 sedem
1477 1516 1734 1568 praeclusum-

413 1613 604 1659 videret;
636 1620 728 1648 cum
751 1615 962 1658 praeterea
983 1604 1091 1644 ferre
1112 1616 1195 1643 non
1219 1602 1374 1655 pofl'et,
1406 1601 1582 1642 austeros
1606 1601 1731 1641 hosce

416 1710 574 1739 morum
605 1693 794 1736 censores
821 1690 918 1739 fibi,
951 1690 1019 1739 qui
1052 1689 1159 1729 solus
1192 1701 1356 1742 regnare
1388 1689 1603 1741 cupiebat,
1630 1687 1732 1726 libe-

421 1796 509 1824 rum
532 1782 635 1822 istud
656 1778 878 1829 imperium*
893 1776 1170 1827 intercipere,
1184 1787 1258 1826 per
1276 1774 1553 1825 interpositam
1567 1772 1736 1824 Ephial·-

418 1879 482 1910 tae
521 1866 770 1919 personamz,
813 1862 883 1911 qui
921 1862 1103 1900 melioris
1143 1859 1321 1912 pectoris
1354 1871 1471 1909 quam
1501 1858 1645 1909 judicii
1674 1858 1737 1896 'vir

422 1951 544 1994 caeca
562 1949 764 1991 libertatis
793 1947 1002 1999 popularis
1023 1947 1216 1998 cupidine
1238 1944 1471 1993 ferebatur,
1501 1964 1542 1975 -
1570 1943 1736 1993 Ephial-

422 2048 486 2079 tac
511 2068 526 2088 ,
545 2037 748 2091 inquam,
782 2030 911 2083 opera
935 2032 1112 2072 Pericles
1145 2031 1311 2079 effecit,
1342 2039 1389 2069 ut
1421 2029 1648 2069 severiffimi
1680 2037 1737 2068 at-

424 2135 503 2178 que
523 2120 710 2173 justiffimi
738 2116 951 2158 Conseffus
986 2118 1239 2159 saluberrima
1271 2115 1482 2156 au&orims
1514 2115 1555 2154 in
1583 2113 1740 2154 tuendo·

1549 2189 1551 2191 ¹
1620 2199 1742 2250 Reip.
