1913 2640
364 240 406 273 94
593 224 1002 266 DISQUISITIO
1044 224 1118 257 DE
1161 224 1482 262 EPISTATIS

372 349 398 367 „
422 324 512 357 facsse
539 322 745 363 perturbent,
774 328 809 352 ut
833 321 863 353 in
885 319 1015 362 Ulpiani
1040 319 1236 361 aliorumque
1262 322 1447 355 testimoniis
1470 329 1619 365 apparet,
1648 336 1727 368 quae

372 400 398 416 „
424 374 565 415 superius
582 374 722 406 exhibui.
733 372 755 386 ’²
797 372 924 414 Quibus
940 372 971 403 in
986 373 1090 404 verbis
1104 372 1162 403 viri
1179 372 1299 404 cordati
1315 374 1399 406 haud
1417 375 1520 407 minus
1533 385 1625 415 quam
1640 378 1725 412 doffi

369 427 537 458 candorem
560 425 694 466 agnosco
707 448 718 463 ,
741 424 797 456 nisi
821 424 907 464 quod
924 424 1033 463 aquua
1051 425 1133 455 dicat
1153 424 1298 455 Veterum
1313 426 1505 465 testimonia:
1529 427 1630 461 Immo
1649 440 1723 463 vero

372 480 475 510 onmia
489 501 500 517 ‚
524 486 588 509 uno
610 476 872 516 I‘larpocrationis
891 475 964 506 loco
982 482 1113 515 excepto
1127 498 1138 514 ‚
1163 485 1254 514 quem
1275 477 1477 517 depravatum
1495 479 1558 519 ipse
1577 481 1728 515 intellexit

368 530 540 568 Corfinus3
569 546 601 554 ι·-
633 529 753 565 omnia,
786 527 933 565 inquam,
957 527 1102 557 Veterum
1128 526 1322 565 testimonia,
1353 537 1417 559 non
1435 529 1723 565 Grammaticorum

367 588 515 620 tantum,
540 580 589 612 fed
607 578 856 615 Historicorum‚
881 576 931 607 sed
946 576 1230 616 Philosophorum,
1254 578 1301 609 sed
1320 579 1511 619 Oratorum‚
1536 582 1591 621 qui
1604 582 1728 615 florenti

372 633 458 672 ch.
485 632 591 663 Atticil
616 629 783 667 vixerunt,
807 628 837 659 &
857 628 888 658 in
911 629 1023 660 mediis
1042 628 1137 659 vitam
1161 638 1292 668 egerunt
1314 631 1467 670 negotiis,
1489 648 1531 658 -·
1564 632 1728 674 Thucydi-

375 684 445 721 dis,
467 680 710 721 Xenophontis,
734 679 897 718 Platonis,
922 679 1088 718 utriusque
1113 680 1311 719 AEschinis,
1333 680 1378 719 (fi
1397 682 1545 715 Aeschini
1567 683 1731 718 Socratico

373 733 539 765 Axiochus
566 730 603 762 fit
626 730 864 770 tribuendus,)
888 729 1121 762 Demosthenis.
1146 747 1219 753 -——
1242 732 1285 764 Et
1304 739 1406 765 tamen
1427 734 1530 766 fallaci
1554 735 1732 774 praesertim

372 789 578 823 argumento,
600 781 687 820 quod
706 791 743 812 ex
765 782 872 813 addito
892 781 994 813 Demo
1018 782 1138 813 nomini
1161 780 1319 821 Epistatae
1335 784 1385 815 vel
1399 784 1526 817 Scribae
1543 785 1631 818 ducit
1648 787 1731 819 Cor-

374 833 480 871 smus,
511 831 653 871 innisus,
685 832 793 871 illique
823 834 894 873 plus
917 833 1059 865 tribuens
1085 842 1178 873 quam
1204 834 1363 866 universae
1386 836 1599 877 Antiquitati‚
1630 839 1732 870 CLE-

372 893 489 917 MENs
512 883 697 914 ssmcrus
726 893 777 915 eas
801 893 927 924 quoque
944 892 1076 926 partes,
1107 895 1185 925 quas
1211 884 1367 927 Epistatae
1390 888 1601 928 Proedrisque
1622 889 1731 930 Pryta-

373 946 449 969 num
467 935 635 974 reliquerat
660 935 763 967 saltem
784 935 957 973 Corfinus,
980 935 1041 967 illis
1060 935 1115 966 suo
1133 937 1242 968 aviirnit
1262 937 1429 979 suffragio,
1453 947 1488 971 ut
1504 949 1616 980 nempe
1632 942 1665 972 in
1681 943 1733 974 Se-

374 994 453 1020 natu
476 986 696 1026 proponendi,
726 986 903 1025 referendi,
932 987 1101 1018 sententias
1123 988 1292 1027 colligendi
1317 989 1418 1022 func'ti
1444 991 1563 1024 fuerint
1580 1001 1729 1034 munere3

374 1037 510 1076 istasque
539 1037 631 1069 etiam
658 1044 763 1078 partes
787 1038 956 1070 liberaliter
978 1038 1101 1070 confert
1119 1037 1150 1068 in
1171 1039 1343 1078 Epistatam
1364 1043 1394 1074 δι
1412 1042 1570 1076 Proedros
1586 1053 1730 1077 novenos

370 1087 677 1126 non-Contrihules‚
706 1088 748 1120 fic
770 1095 806 1120 ut
833 1089 1010 1130 Prytanes,
1040 1098 1176 1129 quorum
1201 1092 1286 1130 apud
1310 1092 1487 1134 Scriptores
1505 1093 1636 1126 Atticos
1661 1094 1733 1128 sunt

373 1139 478 1172 omnia
501 1138 530 1169 ἃ
549 1138 580 1169 in
602 1138 720 1170 Senatu
738 1139 768 1171 ἃ
787 1140 818 1171 in
838 1140 1005 1173 Coucione
1024 1141 1145 1178 officia,
1165 1141 1226 1179 jam
1250 1142 1341 1181 plane
1365 1144 1424 1174 lint
1448 1144 1548 1184 nihil,
1571 1152 1732 1184 vanaeque

375 1187 581 1220 obambulent
598 1189 746 1226 urnbrae3
770 1191 927 1228 Epistates
946 1199 1049 1220 autem
1067 1192 1098 1219 δε
1117 1191 1247 1219 Proedri
1264 1194 1532 1229 non—Prymnes,
1557 1195 1596 1223 de
1616 1196 1731 1231 quibus

371 1240 427 1273 vix
448 1238 511 1269 ulla
533 1235 588 1267 nisi
614 1237 698 1276 apud
724 1237 957 1268 Grammaticos
984 1238 1103 1268 mentio
1130 1237 1322 1277 reperiatur,
1350 1239 1412 1280 Jam
1437 1247 1529 1279 agant
1546 1243 1678 1283 cuncta,
1700 1244 1732 1277 &

371 1299 436 1325 tam
458 1286 543 1329 apud
568 1285 770 1329 ,Quingentos
791 1295 885 1326 quam
907 1287 938 1318 in
961 1288 1115 1319 Comitiis-
1131 1287 1248 1327 Populi
1273 1295 1474 1327 proponant,
1504 1291 1661 1333 referant,
1683 1305 1732 1327 re.

370 1340 537 1376 nuncient.
560 1351 629 1363 ο·-
651 1337 717 1367 Suo
738 1335 848 1376 Μαβί
861 1337 969 1370 Nanii
985 1338 1196 1379 psephismate
1208 1360 1220 1375 ,
1241 1337 1274 1369 in
1289 1346 1354 1377 quo
1369 1339 1555 1378 explicando
1571 1344 1730 1386 versatur,

372 1393 404 1426 ἃ
429 1389 533 1424 nescio
557 1397 621 1428 quo
639 1387 699 1418 alio
719 1387 819 1419 fretus
836 1387 1047 1428 psephismate
1068 1389 1151 1430 apud
1166 1389 1372 1420 FLAva
1389 1389 1639 1435 Josepnum,
1662 1396 1726 1436 (de

375 1452 441 1484 quo
466 1440 681 1479 similibusque
703 1437 860 1479 suspectae
881 1439 954 1472 fidei
973 1440 1123 1481 Juda'icae
1139 1439 1406 1480 Psephismatibus
1428 1441 1459 1473 δε
1481 1443 1519 1474 de
1536 1446 1681 1479 KREns
1690 1457 1731 1480 10

374 1496 459 1527 forte
478 1491 553 1524 alias
577 1489 636 1522 erit
662 1490 883 1533 dicendum)
910 1508 952 1517 —
993 1491 1149 1532 ejusmodi
1177 1490 1274 1530 igitur
1294 1493 1484 1530 argumentis
1507 1493 1581 1525 usus
1606 1494 1732 1537 Biagius

370 1543 435 1585 (de
461 1541 609 1574 Decretis
632 1540 866 1583 Atheniensium
893 1544 973 1584 Cap.
995 1542 1081 1575 XIII.
1106 1544 1137 1582 ς.
1160 1544 1236 1583 16.)
1260 1543 1400 1583 colligit,
1431 1545 1457 1562 ‘⁶
1479 1544 1635 1578 Proedros
1657 1558 1732 1581 non-

374 1619 401 1637 „
425 1593 620 1627 Contribules
643 1594 833 1626 consuevisse
859 1603 1036 1635 proponere
1059 1600 1125 1625 tum
1152 1597 1186 1626 in
1209 1596 1380 1634 Conciom,
1409 1601 1477 1626 tum
1505 1596 1596 1629 etiam
1625 1600 1658 1630 in
1676 1601 1728 1633 Se-

375 1671 401 1689 „
424 1653 523 1683 natu,
547 1652 597 1676 res
615 1645 765 1683 gerendas
778 1669 789 1685 ,
813 1652 907 1685 atque
927 1654 990 1677 tam
1015 1645 1164 1676 Senatum
1187 1654 1280 1685 quam
1294 1645 1449 1686 Populum
1466 1646 1497 1678 in
1513 1647 1657 1690 suffragia
1672 1653 1730 1686 mi.

374 1723 401 1740 „
423 1698 502 1730 fisse.
515 1696 536 1709 ”
549 1711 602 1720 ——-
623 1695 711 1737 Ergo
734 1697 849 1736 Remp.
865 1698 928 1738 ipse
942 1698 1025 1729 suam
1045 1697 1202 1735 ignoravit
1218 1697 1266 1727 vir
1277 1696 1308 1727 in
1321 1698 1403 1738 Rep.
1417 1698 1582 1737 primarius
1597 1701 1729 1742 Nicias,

373 1753 405 1783 in
430 1748 530 1782 nobili
550 1748 607 1780 illa
629 1747 875 1786 prudentiaeque
899 1748 1071 1786 plenissima
1097 1747 1272 1785 Oratione,
1304 1757 1365 1786 qua
1392 1748 1501 1787 cives,
1530 1749 1568 1780 ad
1591 1749 1728 1785 insanam

371 1799 616 1841 Expeditionem
633 1796 770 1828 Siculam
787 1796 890 1829 insane
910 1806 1036 1830 ruentes
1049 1822 1059 1838 ‚
1083 1807 1231 1830 revocare
1254 1805 1386 1829 conatus
1401 1821 1412 1836 ,
1435 1799 1544 1839 (apud
1560 1800 1726 1834 Tnucw.

372 1854 448 1887 Lib.
466 1850 523 1882 VI.
548 1849 631 1887 Cap.
658 1847 734 1885 14.)
758 1847 832 1878 dum
859 1848 1041 1888 Epistaten,
1071 1848 1124 1888 qui
1148 1847 1297 1879 concioni
1322 1855 1483 1887 praeerat,
1516 1851 1652 1889 graviter
1673 1854 1752 1885 adv

371 1902 531 1944 loquitur:
556 1900 607 1936 Καὶ
630 1897 681 1937 σὺ,
704 1895 724 1926 ὖ
747 1895 864 1938 Πςῦτανι
888 1899 1042 1940 (inquit)
1067 1904 1175 1940 τοιῦτοι,
1200 1896 1297 1939 (εἶπες
1322 1900 1373 1939 ἧγξῖ
1400 1913 1440 1929 σοι
1466 1902 1599 1941 προσήκειν
1616 1901 1730 1944 κήδεοθαῇ

374 1970 401 1986 ⁷5
428 1957 472 1986 τῆς
499 1950 617 1989 πόλεως,
653 1953 676 1990 ,ς
703 1950 790 1984 §uim-1
818 1948 913 1990 γενέοζ
939 1947 1052 1983 πολύ-ης
1074 1950 1196 1991 ἁγαθὶς)
1227 1951 1404 1991 ἔπιψιίφιξε,
1441 1956 1464 1992 19*
1490 1953 1595 1991 ῳῶμας
1616 1956 1730 1995 „gn-{03

376 2005 445 2041 «δὼς
463 2002 624 2036 Ἀθηναίοις·
656 2017 698 2027 -
726 1999 889 2032 manifesto
911 2000 1031 2032 indicio
1055 2001 1181 2041 ngv'nm
1206 2002 1319 2041 fuisse,
1349 2010 1450 2046 atque*
1467 2006 1545 2038 adeo
1566 2006 1728 2050 equribu

374 2055 569 2099 πςυγαιευέσῃ,
590 2061 783 2091 numeroque
798 2051 1005 2084 Proedrorum
1025 2053 1276 2093 Contrihulium,
1291 2053 1451 2094 Epistaten
1463 2055 1572 2095 illum,
1593 2056 1647 2095 qui
1662 2056 1726 2089 istis

375 2107 524 2141 Comitiis
551 2105 689 2143 Atticis,
722 2110 757 2135 ut
780 2104 914 2135 Senatus
937 2103 1114 2143 Populique
1137 2104 1309 2144 Princeps,
1340 2105 1543 2145 praefidebat.
1566 2121 1607 2132 —-
1640 2107 1728 2148 Ergo

376 2161 523 2192 Socrates
549 2157 754 2196 Socratisque
778 2154 871 2187 amici
897 2163 931 2186 ac
959 2153 1101 2194 discipuli
1121 2155 1301 2196 Xenophon
1326 2154 1356 2186 &
1376 2155 1489 2196 Plato,
1520 2157 1596 2197 quid
1619 2157 1651 2190 in
1671 2158 1728 2190 Pa·

1668 2209 1727 2242 tria
