1913 2640
463 242 1295 293 DE<soanTE·›crvss.
1491 260 1549 304 ις,

211 367 334 412 altera
362 374 477 419 parte
509 372 766 404 momentum
799 363 964 415 aliquod
983 394 996 414 ‚
1036 364 1150 416 quod
1184 366 1536 409 contra-nitentis

210 448 421 508 potentiae
449 451 655 504 popularis
677 449 839 501 pondus
860 450 1085 491 'cohiberet
1110 465 1120 490 :
1161 452 1296 502 Atque
1331 452 1453 505 huJ‘us
1485 455 1534 493 li·

208 536 407 582 bramenti
448 550 540 577 cum
575 537 706 577 variae
739 534 906 576 fuerunt
947 537 1124 577 rationes
1151 566 1163 586 ,
1206 544 1294 576 tum
1338 546 1419 578 tres
1463 540 1533 580 hic

210 626 383 667 maxime
417 621 653 674 spectandae
678 636 686 661 :
733 622 863 661 Prima
883 652 895 672 ,
937 622 1071 673 quod,
1103 621 1214 662 aucta
1245 622 1281 662 &
1311 622 1529 686 constituta

209 709 416 762 Areopagi
444 707 705 756 auctoritate,
736 693 861 746 Solon
882 708 961 747 hoc
978 708 1208 748 Concilium
1228 707 1384 759 jusserit
1407 709 1529 761 ipfius

207 797 356 849 Populi
388 792 472 832 effe
503 791 725 830 Censorem
749 821 762 840 ‚
811 792 972 844 Legum
1011 795 1248 846 veterisque
1288 794 1526 845 disciplinae

207 879 418 922 custodem
457 885 577 926 atque
621 875 864 915 vindicem:
919 876 1012 928 Qua
1046 879 1251 931 Areopagi
1293 879 1529 920 auctoritate

207 965 390 1008 censoria
416 962 578 1003 frenum
607 959 752 1011 injecit
782 962 1039 1002 turbulentae
1059 962 1349 1004 Democratiae
1379 976 1430 1003 eo
1458 976 1528 1004 va-

205 1054 327 1094 lidius
352 1080 365 1101 ,
417 1047 528 1101 quod
567 1058 689 1086 nemo
713 1077 725 1097 ‚
778 1047 853 1087 nisi
901 1048 972 1098 qui
1013 1048 1181 1088 Archon
1213 1046 1378 1099 fuerat,
1421 1051 1547 1090 inter-

205 1137 408 1180 Censores
438 1133 533 1174 istos
566 1132 938 1184 Moderatoresque
970 1134 1092 1184 Reip.
1117 1133 1387 1186 adlegeretur.
1444 1135 1530 1175 Ve-

202 1224 283 1264 tu'it
317 1226 467 1262 autem«
491 1218 602 1259 idem
644 1216 802 1269 <atque
843 1218 944 1257 haec
987 1217 1045 1256 est
1085 1217 1261 1259 secunda
1295 1220 1530 1261 libramenti

202 1306 341 1361 ratio)
371 1312 423 1346 ne
438 1334 452 1355 ‚
483 1315 576 1343 cum
597 1311 770 1354 quatuor
794 1301 933 1343 forent
957 1303 1123 1344 Civium
1143 1302 1308 1344 ordines
1329 1334 1349 1354 ,r
1372 1304 1529 1357 postre-

201 1405 267 1436 ma
295 1393 415 1434 classis
431 1421 444 1441 ‚
477 1400 620 1430 eorum
643 1400 797 1440 nempe
819 1390 888 1440 qui
912 1391 1046 1442 capite
1072 1388 1202 1430 effent
1223 1389 1357 1440 censi,
1386 1391 1438 1431 ad
1466 1389 1530 1431 su-

200 1491 388 1534 premum
414 1478 456 1517 iri
478 1477 659 1516 Civitate
693 1475 895 1513 honorem
927 1475 1092 1526 poffent
1127 1475 1354 1526 adspirare,
1391 1467 1530 1529 neque

202 1563 398 1614 suffragiis
429 1561 582 1600 civium
617 1559 725 1596 inter
755 1558 984 1598 Archontas
1019 1560 1135 1612 legi:
1197 1558 1366 1611 Quippe
1406 1561 1528 1603 tertia

202 1650 304 1691 haec
333 1646 419 1687 fuit
438 1644 579 1685 Soloni
605 1654 722 1692 cura,
749 1654 834 1692 ne,
866 1644 1209 1694 quemadmodum
1239 1644 1522 1696 111⁴*Judicibus

202 1732 394 1776 Heliastis
431 1731 574 1772 aliisve
608 1727 915 1782 Magistratibus
952 1731 1136 1771 creandis
1175 1742 1264 1771 mos
1303 1739 1420 1780 erat,
1468 1730 1524 1771 fic

203 1821 325 1861 etiam
347 1849 360 1868 ‚
400 1829 484 1858 non
514 1816 664 1867 populi
689 1814 848 1866 judicio
870 1846 881 1865 ‚
924 1816 995 1857 sed
1026 1817 1123 1857 sorti
1161 1817 1488 1857 committeretur
1509 1846 1521 1867 ,

204 1906 294 1956 quis
318 1904 440 1944 ‘illam
478 1909 640 1941 teneret
671 1901 910 1953 dignitatem
933 1932 946 1951 ‚
999 1915 1020 1943 a
1051 1905 1125 1953 qua
1146 1934 1158 1953 ‚
1201 1902 1323 1943 isthac
1356 1902 1522 1953 quidem

204 1992 326 2043 Reip.
364 1997 495 2030 aetate
517 2018 529 2037 ,
581 1988 777 2028 maximae
816 2000 880 2028 res
914 1990 1155 2040 gerebantur
1178 2019 1191 2038 ,
1235 1987 1272 2028 &
1317 1988 1367 2028 ad
1403 1966 1521 2040 quarn

201 2089 324 2118 nemo
351 2076 638 2116 admittebatur
663 2104 675 2123 ,
718 2073 789 2113 nis1
818 2075 886 2124 qui
916 2075 1122 2127 duplicem
1148 2086 1307 2114 morum
1339 2072 1383 2114 ac'
1412 2074 1520 2114 vitae

204 2163 513 2216 probationem,
544 2160 718 2213 primuni
746 2161 787 2200 in
806 2160 956 2201 Senatu
981 2161 1337 2215 Quingentorum²
1369 2160 1517 2202 deinde

944 2246 978 2287 C
1012 2259 1034 2287 2
1415 2247 1521 2301 apud
